3262 5024
300 395 394 450 VITA
413 395 603 450 BENNONlS
622 396 662 451 II.
681 396 855 451 EPISOOPI
873 395 1197 452 OSNABRUGENSIS.
1292 400 1307 452 7

190 577 293 640 lumis
317 580 494 662 episcopus
519 601 596 643 cum
623 580 723 644 sociis
753 581 862 643 tantis
893 601 970 644 eum
1002 579 1205 654 honoribus,
1236 579 1308 641 ubi-

192 687 325 748 cunque
348 667 413 730 sibi
437 671 647 751 oportunum
670 673 705 732 et
729 669 890 752 possibile
909 669 1102 751 reperisset,
1128 666 1307 750 ampliavit

193 759 228 818 et
259 757 364 830 donis,
400 759 441 818 ut
471 758 594 820 merito
625 759 829 840 praecipuus
860 756 952 841 apud
982 777 1099 820 omnes
1122 757 1309 820 haberetur

192 847 227 906 et
250 843 372 906 clarus.
419 845 516 908 Adeo
546 846 637 908 enim
662 867 702 909 ex
726 847 787 911 illo
810 850 965 929 tempore
988 866 1042 909 res
1067 865 1148 908 suae
1173 864 1307 927 prospe·

159 933 257 994 srari
293 935 328 995 et
362 932 482 997 felices
518 954 589 997 esse
625 939 824 1017 coeperunt,
861 939 901 996 ut
937 935 974 996 in
1009 935 1128 998 eadem
1164 932 1308 996 ecclesia

191 1025 311 1103 postea
334 1022 544 1084 constitutus
568 1023 805 1105 praepositus¹
829 1024 937 1086 totius
961 1023 1064 1085 etiam
1090 1021 1306 1104 episcopatus

191 1130 308 1174 curam
332 1110 572 1174 administrare
597 1115 778 1193 cogeretur
802 1116 837 1176 et
860 1131 932 1175 esse
957 1111 1151 1194 dispositor.
1191 1109 1306 1172 Huius

190 1199 308 1278 itaque
339 1199 603 1281 dispensationis
632 1221 702 1263 non
734 1201 846 1264 minus
877 1203 1037 1263 strenuus
1068 1220 1171 1280 quam
1195 1196 1306 1260 fidelis

191 1291 353 1350 executor
377 1290 412 1351 et
434 1288 471 1350 in
487 1288 570 1350 villa
587 1287 744 1352 Goslaria
759 1290 796 1351 in
812 1288 1167 1371 archipresbyteratus
1187 1286 1306 1349 ordine

146 1397 173 1434 ιο
191 1375 363 1458 synodalis
386 1377 517 1460 negotii
541 1399 610 1440 uon
635 1379 748 1460 segnis
773 1381 910 1441 exactor
934 1380 1034 1440 tanta
1057 1397 1092 1440 se
1117 1375 1306 1438 modestiae

192 1463 484 1547 districtionisque
515 1469 550 1529 et
580 1467 765 1547 aequitatis
796 1487 872 1529 arce
903 1465 1086 1539 locaverat,
1123 1467 1163 1526 ut
1191 1463 1306 1544 regiae

191 1573 325 1634 quoque
357 1553 477 1616 domus
505 1553 798 1617 administrationi
827 1554 1002 1618 videretur
1032 1573 1104 1616 esse
1128 1551 1305 1614 idoneus2.

299 1679 328 1736 7.
365 1675 483 1740 Inerat
500 1677 589 1740 enim
607 1678 688 1741 huic
704 1678 754 1740 vis
774 1678 911 1762 magni²
932 1676 1063 1760 ingenii
1083 1680 1118 1739 et
1135 1675 1304 1739 excellens
1327 1675 1366 1746 (8)

191 1765 297 1828 animi
310 1766 505 1828 constantia
516 1767 588 1829 viro
602 1787 779 1849 sermoque
796 1771 975 1850 promptus
988 1769 1023 1829 et
1038 1765 1152 1828 facilis
1165 1767 1200 1827 et
1217 1784 1305 1839 suos,

147 1873 172 1912 15
191 1855 235 1916 ad
258 1873 344 1934 quae
367 1853 482 1930 vellet,
512 1855 687 1918 auditores
711 1857 834 1919 efficax
864 1854 1040 1930 inclinare,
1072 1851 1306 1937 persuasibilis

190 1945 225 2005 et
248 1942 359 2017 fortis,
388 1961 521 2025 semper
545 1943 724 2007 blanditiis
747 1945 783 2006 in
807 1949 937 2008 terrore
961 1963 1144 2025 respersus,
1169 1945 1210 2004 ut
1233 1961 1306 2024 pec·

189 2031 349 2094 cantibus
373 2051 589 2113 nequaquam
614 2034 666 2094 sui
690 2033 807 2095 odium
832 2032 1007 2114 arguendo
1030 2031 1217 2112 infligeret,
1247 2029 1306 2092 sed

189 2119 396 2182 emendandi
415 2123 575 2184 amorem.
609 2120 714 2184 Porro
734 2122 771 2183 in
788 2121 937 2184 consiliis
958 2121 1028 2183 sive
1046 2118 1225 2200 colloquiis
1242 2117 1306 2201 pri·

188 2207 287 2283 vatis,
311 2207 373 2270 ubi
396 2229 496 2291 saepe
517 2210 559 2273 de
581 2211 720 2292 perfidis
744 2215 779 2273 et
803 2210 948 2292 periuris
969 2208 1126 2271 hostibus
1150 2227 1209 2270 seu
1228 2225 1306 2288 quo-

144 2317 170 2356 so
188 2295 275 2360 libet
297 2290 416 2379 regnib
437 2299 576 2380 negotio
601 2299 725 2362 callide
749 2298 885 2362 intendi
906 2301 941 2360 et
961 2296 1145 2380 diligenter
1169 2296 1306 2377 oportet

189 2388 315 2448 cuncta
326 2386 479 2461 tractari,
497 2389 616 2450 tantae
629 2387 855 2470 perspicatiae
869 2389 904 2450 et
916 2385 1153 2469 providentiae
1166 2383 1245 2460 fuit,
1266 2385 1306 2444 ut

189 2494 267 2536 mox
290 2474 326 2534 in
351 2474 425 2555 ipso
449 2475 587 2537 exordio
612 2476 661 2538 rei
690 2476 842 2558 agendae
867 2477 909 2539 de
934 2474 1067 2538 excelsa
1095 2471 1235 2555 specula
1257 2471 1306 2533 in·

189 2561 291 2642 genii,
317 2582 384 2643 quo
409 2561 572 2644 cuiusque
596 2567 752 2646 vergeret
779 2563 943 2627 sermonis
966 2562 1115 2624 intentio
1140 2565 1175 2622 et
1198 2560 1306 2622 totius

188 2650 321 2732 negotii
340 2655 574 2733 prospectaret
594 2655 765 2715 eventum.
806 2651 849 2713 In
873 2651 954 2714 fidei
975 2652 1091 2713 autem
1111 2648 1306 2712 constantia

144 2760 170 2799 ss
189 2759 249 2802 ssu
273 2738 416 2803 cuilibet
447 2740 625 2802 hominum
654 2741 825 2804 amicitiae
855 2739 1092 2803 observatione
1120 2737 1305 2820 promissae
1382 2807 1386 2818 Ι

189 2828 347 2890 omnibus
362 2848 449 2911 pene
465 2829 745 2911 incomparabilis
757 2829 836 2903 fuit,
851 2848 953 2910 quam
965 2826 1140 2891 nullorum
1153 2845 1305 2907 unquam

189 2915 499 2999 pollicitationibus
515 2937 697 2979 munerum
714 2918 893 2980 maiorisve
909 2915 1135 2979 emolumenti
1146 2917 1305 2996 respectu

190 3008 250 3065 aut
267 3004 450 3066 immutare
467 3008 527 3065 aut
546 3003 703 3084 quolibet
719 3006 820 3068 modo
837 3024 988 3086 unquam
1006 3007 1058 3067 est
1073 3003 1201 3066 violare
1219 3022 1305 3065 com-

190 3090 318 3172 pulsus.
354 3089 398 3153 In
415 3092 595 3174 erogandis
616 3093 762 3174 denique
780 3093 950 3156 donativis
967 3112 1147 3155 munerum
1166 3092 1203 3152 in
1227 3111 1305 3153 suos

145 3179 327 3261 ecquidem
347 3180 490 3261 parcior,
515 3201 597 3263 erga
620 3185 799 3245 extraneos
823 3202 903 3245 vero
928 3185 1001 3245 erat
1025 3180 1188 3262 largitate
1212 3199 1305 3262 prae-

189 3268 326 3350 cipuus;
358 3269 449 3351 quod
478 3290 583 3351 quare
606 3271 642 3332 in
666 3271 817 3334 moribus
842 3271 968 3334 habere
993 3269 1218 3343 consueverit,
1244 3287 1305 3330 nos

188 3357 345 3438 ignorare
357 3358 518 3435 fatentes,
535 3359 572 3421 id
588 3380 696 3422 unum
713 3360 754 3423 de
772 3379 811 3423 eo
828 3364 921 3422 certo
938 3359 1111 3422 affirmare
1127 3356 1302 3431 audemus,

189 3466 266 3508 eum
278 3467 455 3528 nunquam
470 3447 610 3529 aliquid,
627 3449 719 3530 quod
733 3449 937 3530 quibusdam
952 3448 1110 3510 fortassis
1123 3446 1304 3528 reprehen-

188 3533 286 3597 sibile
316 3534 426 3598 videri
458 3536 637 3618 potuisset,
668 3538 705 3598 in
729 3536 977 3599 consuetudine
1007 3536 1133 3598 habere
1164 3533 1305 3596 solitum

142 3623 303 3700 afuisse,
339 3623 431 3705 quod
465 3644 535 3686 non
566 3627 655 3687 esset
685 3624 890 3706 prudentiae
921 3624 1093 3706 profunda
1124 3625 1198 3684 arte
1229 3640 1304 3683 con·

188 3711 308 3775 ditum.
356 3710 457 3775 Circa
479 3733 647 3795 pauperes
678 3716 713 3776 et
745 3732 871 3794 egenos
902 3732 962 3775 seu
985 3711 1140 3793 qualibet
1163 3707 1304 3772 tribula-

186 3800 281 3864 tione
309 3801 458 3865 afflictos
489 3801 684 3866 omnimode
714 3800 768 3863 illi
799 3805 896 3865 erant
919 3801 1050 3864 viscera
1083 3797 1246 3883 pietatis3
1269 3799 1305 3859 et

189 3936 211 3981 a)
225 3935 256 3972 iia
270 3935 352 3984 ΘΒΜ·
365 3949 445 3986 magna
458 3938 553 3985 forsitan
568 3943 622 3976 recte
635 3939 755 3977 emendavit
768 3938 789 3976 Ε
841 3937 864 3988 b)
878 3939 910 3976 iia
924 3937 1007 3986 sulm
1025 3948 1092 3986 regno
1108 3937 1135 3978 G.

189 4039 216 4106 1)
236 4040 328 4091 Benno
341 4045 511 4106 praepositus
536 4045 692 4112 subscribsit
710 4045 818 4096 chartas
842 4047 957 4112 episcopi
973 4045 1117 4109 Humanis,
1143 4059 1210 4110 qnae
1234 4045 1304 4094 notis

142 4121 170 4160 so
186 4110 380 4176 chronologicis
392 4119 471 4177 cai-ei,
490 4113 716 4167 ‘Urimndenbnch
730 4118 775 4169 des
786 4116 938 4181 Hmhsiifis
948 4115 1120 4167 Hidrlssheim'
1133 4114 1156 4178 I,
1170 4117 1204 4168 93
1217 4129 1244 4164 n.
1254 4116 1304 4176 92,·

187 4183 222 4245 cf,
243 4180 341 4235 cinon.
362 4197 417 4249 epp.
437 4183 711 4250 Hildssheimsnsinm,
731 4187 804 4242 Mon.
820 4188 908 4242 Germ,
928 4188 976 4244 SS,
996 4187 1057 4256 VII,
1078 4189 1137 4241 848.
1210 4186 1238 4252 2)
1259 4184 1304 4236 Ad

187 4254 363 4317 B(snnonem)
376 4256 570 4320 praepositum,
589 4259 776 4309 vicedominum
789 4266 812 4310 si
828 4260 900 4324 renis
911 4258 1108 4322 vicedominum,
1123 4257 1189 4308 daia
1200 4261 1237 4308 ssi
1251 4258 1303 4322 epi·

187 4325 254 4376 sicin
268 4323 477 4390 M(e9inhardi)‚
495 4327 569 4392 apud
581 4327 742 4394 saintois,
762 4329 933 4394 ‘Bepisirnm'
953 4329 1007 4394 III,
1022 4331 1056 4383 15
1074 4345 1100 4382 n.
1115 4330 1138 4382 9.
1209 4329 1237 4394 3)
1260 4326 1301 4389 Cf.

189 4395 283 4449 Coloss.
303 4399 328 4462 3,
349 4398 397 4450 12:
417 4392 532 4448 Viscera
551 4395 760 4452 misericordiae.
