3262 5024
274 416 311 470 34
381 409 478 464 VITA
496 406 688 462 BENNONIS
706 407 746 464 Π.
764 406 937 460 EPISOOPI
956 405 1280 462 OSNABRUGENSIS.

277 595 362 660 vitio
379 593 465 657 Deia
492 613 569 656 raro
593 611 699 673 usque
723 591 814 654 exire
838 589 960 654 solitus
984 593 1067 667 erat,
1093 591 1158 653 nisi
1182 591 1273 656 forte
1296 593 1393 674 gravi

277 682 506 765 compellente
545 701 657 754 causa,
698 682 733 743 et
768 679 948 742 dominicis
987 679 1107 743 diebus
1143 675 1387 763 Osnabruggeb

278 774 399 836 docere
424 769 590 854 populum
614 772 649 832 et
673 769 850 831 missarum
876 767 1050 831 celebrare
1074 768 1249 832 solemnia.
1293 769 1392 848 Quod

182 869 259 922 1088.
279 881 356 925 cum
381 859 567 941 aliquando
590 879 631 921 ex
655 878 748 921 more
770 857 911 920 fecisset
934 859 968 920 et
991 857 1057 919 iam
1079 862 1215 941 sumpto
1232 858 1308 921 cibo
1325 860 1392 922 huo

280 952 376 1014 extra
407 948 574 1031 oppidum
603 949 833 1010 reverteretur
864 965 1028 1028 egressus,
1064 948 1251 1028 respexisse
1281 948 1424 1010 fertura

280 1042 315 1103 et
340 1038 466 1101 dixisse
491 1036 633 1100 silenter
657 1055 692 1099 se
715 1035 828 1098 locum
853 1034 953 1096 illum
978 1035 1135 1098 credere⁰
1157 1056 1225 1098 non
1242 1036 1392 1099 visurum

280 1127 443 1202 ulterius3
469 1129 504 1189 et
529 1125 632 1207 paulo
657 1129 734 1206 post
750 1124 846 1187 febre
864 1126 1040 1206 correptus
1056 1124 1167 1206 frigus
1185 1145 1224 1188 ex
1242 1120 1393 1207 pluvia⁶‚

281 1235 368 1298 quae
393 1218 452 1278 coe
480 1214 572 1277 forte
603 1213 719 1276 extitit
750 1213 815 1286 dic,
846 1213 938 1276 inter
961 1213 1185 1294 equitandum
1217 1214 1395 1296 collegisse

283 1309 337 1369 sc⁰
367 1302 524 1378 credidit,
556 1305 659 1383 atque
686 1301 738 1364 ita
760 1301 1020 1365 medicamentis
1044 1302 1209 1366 adhibitis
1234 1302 1336 1366 solito
1360 1324 1395 1367 se

282 1413 376 1455 more
411 1391 562 1474 speravit
597 1389 769 1454 declinare
805 1410 902 1472 posse
940 1391 1152 1453 infirmitatis
1191 1391 1395 1454 molestiam.
1417 1415 1441 1452 ιο

284 1481 351 1546 Sed
376 1480 490 1557 abbas,
523 1473 624 1562 quiaf
651 1479 694 1542 de
723 1479 796 1543 eius
820 1483 929 1542 morte
954 1500 1014 1561 per
1036 1480 1204 1544 iuniorem
1228 1481 1394 1545 fratremg

283 1571 361 1645 iam,
398 1569 457 1652 qui
492 1589 565 1632 eam
602 1589 663 1651 per
693 1568 857 1631 visionem
889 1569 1062 1650 quandam
1096 1569 1274 1633 imminere
1305 1591 1397 1653 prae·

285 1662 436 1734 noverat,
473 1658 533 1719 diu
567 1661 648 1720 ante
678 1657 896 1738 aliquatenus
925 1658 1160 1739 praemonitus
1190 1659 1314 1735 fuerat,
1350 1660 1398 1722 in-

284 1767 419 1830 gressus
458 1747 501 1807 ad
541 1765 681 1826 aegrum
718 1746 811 1808 inter
845 1746 1051 1809 visitationis
1086 1751 1121 1809 et
1156 1748 1398 1812 consolationis

285 1835 402 1899 officia
425 1835 467 1897 de
491 1834 636 1916 singulis
660 1855 797 1898 monere
822 1835 946 1917 coepit,
971 1854 1056 1917 quae
1081 1835 1248 1897 morituro
1276 1837 1444 1918 cuiquem

286 1923 536 1988 consideranda
551 1922 697 2005 putavit.
730 1924 846 2006 Atque
869 1923 930 1988 ille
954 1925 997 1986 ad
1021 1922 1157 2006 singula
1180 1923 1398 2004 acquiescens

285 2012 397 2076 locum
424 2011 562 2094 quidem
582 2010 780 2094 sepulturae
796 2013 833 2075 in
849 2013 985 2076 abbatis
1002 2011 1169 2076 electione
1186 2011 1397 2093 permittens,

285 2101 323 2163 in
353 2103 528 2184 posterum
559 2100 660 2176 diem,
692 2095 781 2183 quoh
808 2105 882 2166 erat
917 2101 1011 2164 beati
1041 2100 1159 2163 Iacobi
1193 2099 1400 2163 celebranda

160 2195 214 2251 Iul.
225 2196 267 2250 25.
286 2190 459 2253 festivitas
469 2189 489 2264 ¹,
521 2189 659 2252 distulit
687 2192 896 2254 unctionem.
942 2189 1058 2252 Primo
1087 2190 1204 2270 itaque
1229 2190 1401 2272 surgentis

288 2299 431 2342 aurorae
459 2276 623 2352 diluculo,
660 2279 785 2343 abbate
816 2277 980 2342 accersito
1009 2298 1084 2340 cum
1117 2278 1293 2354 fratribus,
1328 2282 1400 2341 tam
1421 2300 1447 2337 ao

288 2367 354 2431 sibi
388 2388 491 2448 quam
525 2367 692 2445 omnibus,
729 2368 788 2449 qui
823 2367 976 2438 aderant,
1013 2365 1151 2450 publice
1183 2371 1402 2450 peccatorum

289 2455 537 2520 confessionem
561 2456 702 2533 faciens,
734 2455 851 2518 statim
882 2455 925 2518 ab
956 2455 1031 2538 ipso
1062 2456 1333 2520 sacerdotalibus
1356 2457 1404 2519 in-

288 2538 411 2610 dutusi
443 2545 606 2608 dominici
630 2545 779 2629 corporis
809 2544 975 2608 viaticum
1006 2546 1148 2630 accepit,
1181 2567 1220 2610 ac
1245 2547 1292 2610 sic
1317 2567 1403 2628 pene

288 2635 693 2717 triduumsupervixisse
718 2633 918 2698 dinoscitur.

212 2730 270 2797 (38)
397 2728 450 2784 26.
486 2722 571 2786 Erat
601 2727 717 2787 autem
741 2744 781 2787 eo
804 2727 961 2806 tempore
985 2725 1050 2788 hac
1074 2725 1110 2785 in
1133 2723 1240 2786 urbe2
1263 2742 1403 2785 manens
1423 2741 1449 2779 ac

289 2812 394 2876 vidua
409 2813 576 2892 quaedam
593 2813 730 2876 nomine
747 2813 877 2876 Acela3
900 2835 970 2878 non
985 2813 1097 2875 minus
1118 2810 1279 2891 religiosa
1302 2831 1403 2891 quam

289 2900 425 2976 nobilis,
450 2921 537 2982 quae
562 2901 642 2964 huic
662 2902 869 2966 monasterio
890 2903 1000 2966 multa
1019 2921 1059 2962 ex
1078 2899 1147 2960 suis
1166 2892 1310 2981 opibusk
1330 2918 1404 2961 con-

290 2989 375 3052 tulit
410 2991 445 3052 et
479 2989 593 3054 locum
628 2991 778 3074 plurima
813 2993 993 3056 devotione
1028 2987 1159 3050 dilexit.
1215 2986 1310 3065 Quae
1345 3007 1406 3070 per

291 3077 457 3140 nuncium
487 3078 665 3143 licentiam
696 3085 826 3164 petens,
862 3084 902 3142 ut
938 3076 1076 3140 admitti
1106 3079 1141 3140 et
1171 3077 1310 3140 visitare
1341 3077 1419 3164 sibi¹

292 3166 413 3230 lioeret
437 3173 627 3249 aegrotum,
652 3170 723 3234 tale
743 3169 871 3232 dicitur
886 3166 929 3229 ab
946 3186 985 3229 eo
1002 3165 1173 3247 accepisse
1189 3185 1404 3248 responsum:
1427 3184 1452 3222 ao

293 3275 366 3319 eam
399 3275 435 3319 se
465 3256 629 3322 videlicet
659 3257 761 3321 malle
791 3257 827 3318 in
857 3255 977 3316 futuro
1011 3253 1127 3316 videre
1162 3253 1286 3329 seculo,
1323 3247 1400 3316 ubil

294 3364 411 3408 secure
435 3348 471 3408 et
490 3345 672 3411 iocundius
687 3343 807 3407 mutuo
823 3344 1022 3405 fruerentur
1037 3346 1188 3424 aspectu,
1213 3343 1407 3424 quicunque

294 3453 330 3496 se
365 3433 421 3497 hic
466 3434 613 3500 invicem
657 3435 694 3496 in
733 3433 870 3496 Christo
909 3431 1061 3514 puritate
1100 3435 1214 3495 castae
1254 3430 1408 3494 caritatis

296 3527 483 3601 amassent;
515 3524 576 3588 ubi
603 3522 721 3585 nullus
745 3520 893 3602 gemitus
917 3520 1029 3583 cordis
1053 3523 1114 3582 aut
1138 3521 1288 3603 corporis
1312 3520 1410 3583 dolor

296 3615 331 3674 et
354 3613 475 3676 mortis
491 3612 640 3676 formido
657 3609 848 3674 videntium
865 3628 938 3672 sese
954 3613 1069 3693 posset
1085 3610 1225 3673 turbare
1242 3629 1408 3685 amorem;
1430 3628 1454 3667 a

296 3765 319 3818 a)
335 3770 358 3805 ct
368 3767 439 3805 labori
450 3763 573 3812 advigilans
586 3765 637 3802 aad.
648 3763 725 3813 sm,
740 3764 768 3810 cf.
778 3774 847 3812 supra
859 3776 882 3812 p.
894 3766 919 3804 15
933 3765 1000 3807 nobb
1042 3765 1110 3814 blito
1120 3765 1196 3814 Erlrn.‚
1211 3766 1248 3814 qui
1256 3775 1302 3801 cum
1313 3765 1411 3812 plerum·

297 3830 336 3868 quc
350 3819 495 3866 Osnaburgls,
515 3816 645 3864 Osnsburga
663 3818 707 3854 sive
727 3817 827 3855 acuiliter
843 3818 961 3867 sambram,
983 3819 1017 3856 hic
1037 3822 1092 3856 certe
1111 3819 1202 3858 codicem
1224 3819 1335 3865 antiquum
1356 3818 1412 3855 ratae

297 3877 385 3911 nostrae
403 3875 485 3909 secutus
499 3873 541 3916 0⁸²5
560 3868 704 3918 Osnabrugoe
718 3870 750 3918 Θ,-
769 3870 896 3920 Osnabrugi
910 3871 984 3911 sm
1036 3871 1055 3921 c)
1074 3873 1130 3910 dccet
1144 3871 1214 3908 Ertm.
1276 3869 1299 3918 d)
1317 3871 1379 3918 pluis
1393 3872 1411 3909 G

297 3924 319 3976 e)
337 3936 364 3964 ca
377 3925 447 3965 Ενεηι.
500 3921 518 3970 f)
536 3921 575 3970 qui
594 3919 622 3960 de
641 3923 689 3961 eius
707 3924 751 3962 lam
771 3929 841 3963 morte
855 3925 924 3966 Eram.
977 3924 1000 3975 g)
1019 3926 1050 3961 ita
1064 3924 1136 3962 SNIE
1148 3928 1167 3961 et
1181 3925 1265 3971 Ertra.;
1286 3925 1379 3963 fratrum
1393 3925 1412 3962 G

297 3973 367 4026 hitto
382 3975 464 4020 SNIE',n
478 3985 536 4022 quse
550 3975 569 4012 G
610 3975 626 4026 i)
640 3977 672 4014 ita
686 3982 741 4016 recto
755 3982 798 4016 tres
808 3979 925 4017 Ertmanai
939 3979 1030 4025 corticea,¹
1047 3975 1126 4018 induto
1136 3977 1229 4017 osma
1268 3978 1292 4026 k)
1305 3979 1411 4027 apibusG
1431 3974 1457 4012 40

297 4032 314 4078 l)
327 4032 412 4068 sincere
426 4028 477 4070 add.
492 4027 549 4066 NIE
559 4029 612 4076 (non
627 4030 659 4079 S).

299 4136 326 4200 1)
347 4135 399 4186 Dic
416 4136 458 4189 25.
477 4151 512 4192 m,
531 4135 607 4189 Iulii.
680 4139 707 4203 2)
729 4137 821 4202 Ibero.
894 4139 922 4204 3)
943 4137 1024 4187 Azela
1051 4137 1155 4187 ‘nobilis
1179 4137 1291 4200 ferniaa'
1309 4153 1413 4188 consen-

299 4208 377 4256 tiente
401 4206 459 4269 filio
476 4206 615 4258 Datmaro
640 4208 750 4260 concoct
767 4209 890 4259 Bcanoni
913 4209 949 4258 od
973 4207 1102 4259 ecclesiam
1123 4211 1211 4258 sancti
1227 4209 1366 4259 Cleuzoatis
1383 4208 1412 4255 in

303 4277 396 4341 Yburq
413 4283 512 4330 cortem
530 4280 559 4330 in
572 4279 742 4330 Hittcshasen
760 4280 961 4345 (Hitzboascn),
982 4279 1177 4330 ‘contractor
1193 4274 1411 4331 Urlcundenbruh’

299 4347 323 4411 I,
344 4349 395 4400 143
413 4363 440 4401 n.
455 4350 513 4403 163.
551 4349 653 4402 Eadem
680 4351 786 4402 ‘nobilis
803 4351 894 4402 mdica’
915 4355 1102 4416 postmortem
1121 4351 1256 4401 Benacnis
1273 4347 1414 4399 Nortbmo
1433 4361 1458 4400 lo

300 4417 391 4470 abbati
405 4433 529 4470 marenca
542 4421 654 4473 eiusdem
669 4425 743 4474 unici
754 4422 808 4486 fila·
819 4423 940 4485 ‘forum
957 4421 1116 4472 Tharmade'
1128 4421 1280 4484 (Dulcmor)
1292 4420 1414 4483 tradidit,

299 4489 396 4542 ibidem
413 4490 437 4557 I,
459 4492 510 4545 176
528 4507 555 4544 n.
568 4493 629 4545 204.
