3262 5024
338 405 435 464 VITA
452 403 645 461 BllNNONIS
663 405 703 463 H.
722 405 898 462 EPISGOPI
915 406 1240 468 OSNABRUGENSIS.
1312 417 1347 470 23

232 589 330 671 qnasi
353 589 552 673 hospitandi
575 589 688 670 gratia
717 589 860 653 latuerit
884 625 927 632 -
950 591 980 654 si
1003 591 1150 674 denique
1174 595 1259 658 haec
1283 595 1346 658 sin·

231 677 314 760 gula
338 680 372 742 et
395 677 507 741 multa
524 676 658 754 similia,
684 698 771 760 quae
788 698 828 742 eo
844 681 999 762 tempore
1015 681 1130 764 gessit,
1154 683 1345 760 referimus,

231 767 386 848 proiecto
409 770 576 829 nontam
606 766 686 829 utili
716 768 802 830 haec
825 771 990 851 poterunt
1019 789 1122 850 quam
1150 770 1254 853 longo
1282 793 1346 837 ser-

231 875 330 918 mone
354 855 498 919 narrari.
546 853 646 931 Quod
670 855 888 920 manifestius
918 857 972 919 his
1004 856 1123 935 literis,
1155 879 1239 941 quas
1262 864 1346 926 tunc

198 943 426 1027 sSigewino⁸
455 942 653 1007 Coloniensi
676 943 857 1027 episcopo1
880 945 984 1022 misit,
1009 949 1168 1028 apparet:

338 1031 535 1114 ‘Depositus
552 1031 719 1115 apposito,
743 1033 873 1096 eiectus
890 1033 1000 1098 electo
1017 1034 1174 1112 salutem,
1199 1057 1263 1100 nec
1278 1037 1345 1100 iam

230 1120 410 1203 episcopus
426 1120 546 1184 Benno
563 1121 702 1184 domino
718 1121 975 1205 archiepiscopo
994 1123 1173 1206 utriusque
1197 1125 1346 1190 hominis

230 1228 364 1292 semper
385 1209 505 1273 felices
528 1229 704 1273 successus
735 1209 771 1271 in
795 1210 954 1273 Domino.
1003 1209 1092 1288 Quia
1122 1216 1225 1296 rupto
1247 1215 1346 1296 regni

230 1297 369 1362 foedere
392 1317 499 1380 usque
523 1298 566 1360 ad
589 1297 809 1382 naufragium
826 1299 1044 1382 periclitatur
1059 1301 1155 1364 navis
1171 1300 1344 1380 ecclesiae,

186 1411 211 1449 ιο
229 1385 284 1449 vel
306 1406 376 1461 vos,
408 1387 467 1469 qui
497 1386 611 1450 Deum
643 1387 783 1461 timetis,
813 1387 896 1468 quid
926 1388 1025 1470 regni
1054 1391 1184 1452 statum
1215 1390 1343 1467 deceat,

229 1473 373 1542 solerter
408 1475 588 1550 consulite,
624 1495 667 1538 ne
702 1494 810 1556 usque
845 1475 889 1537 ad
919 1476 1187 1540 internetionem
1216 1477 1254 1539 in
1283 1500 1345 1542 nos

228 1562 366 1626 hostilis
396 1583 514 1625 mucro
545 1563 698 1626 deseviat
709 1563 729 1639 ²,
762 1563 821 1644 qui
858 1563 1011 1646 undique
1045 1563 1170 1646 gladiis
1206 1565 1345 1646 circnm-

228 1651 418 1724 iundimur‚
444 1653 480 1714 et
503 1671 573 1713 non
596 1653 648 1714 est
664 1651 723 1733 qui
739 1651 895 1734 eripiatl.
936 1651 1025 1716 Sane
1048 1655 1190 1736 propter
1212 1657 1345 1737 aposto-

229 1738 317 1802 licae
348 1740 439 1804 sedis
466 1738 698 1803 obedientiam
722 1739 877 1804 volentes
901 1741 1052 1822 patimur
1076 1743 1211 1805 tantam
1235 1764 1345 1825 perse·

184 1854 210 1893 rs
230 1827 378 1890 cationis
408 1827 603 1910 angustiam
634 1829 671 1890 in
704 1827 998 1904 tribulationibus,
1035 1850 1122 1912 quae
1156 1851 1218 1894 nos
1254 1832 1343 1896 inve-

228 1916 376 1980 nerunt4
407 1938 476 1980 non
507 1917 722 1981 deficientes:
752 1917 936 1980 maluimus
975 1918 1065 1982 enim
1105 1919 1278 2002 fugientes
1307 1921 1345 1984 in

229 2004 386 2068 manibus
421 2005 581 2087 Egiptiae
612 2005 771 2068 dominae
802 2004 995 2087 relinquere
1034 2006 1177 2089 pallium
1189 2007 1209 2084 ⁵,
1242 2028 1343 2090 quam

229 2091 437 2176 emancipati
476 2093 587 2157 eidem
626 2095 776 2177 turpiter
814 2094 940 2158 servire
979 2114 1087 2176 usque
1126 2096 1170 2158 ad
1209 2097 1343 2160 animae

227 2181 417 2246 interitum.
465 2181 670 2264 Prosperum
697 2183 806 2246 faciat
835 2183 902 2246 iter
924 2185 1076 2246 vestrum
1100 2183 1195 2247 Deus
1219 2184 1343 2247 saluta·

181 2297 207 2335 20
226 2270 315 2332 rium
338 2270 543 2334 nostrorum’
556 2270 576 2332 ⁶.
950 2313 953 2320 ι

333 2359 401 2422 Sed
425 2359 478 2422 his
501 2359 553 2422 ita
576 2360 683 2422 finitis
707 2360 751 2422 ad
774 2359 907 2441 reliqua
930 2379 1122 2444 pergamus.

337 2468 386 2526 18.
422 2464 538 2545 Igitur
567 2468 748 2548 postquam
777 2467 870 2530 inter
897 2486 1014 2547 regem
1045 2469 1080 2529 et
1115 2467 1341 2548 apostolicum
1362 2482 1417 2551 (22)

227 2551 333 2616 semel
364 2557 483 2616 exorta
513 2553 684 2623 discordia
714 2554 810 2616 nullo
841 2555 957 2636 potuit
987 2554 1165 2616 hominum
1200 2557 1342 2619 consilio

226 2641 281 2704 vel
310 2641 445 2705 ratione
476 2641 598 2718 sedari,
632 2641 706 2705 Deo
737 2642 893 2725 profecto
920 2644 975 2705 tot
1005 2642 1183 2704 hominum
1212 2643 1344 2708 offenso

180 2757 206 2796 a
226 2729 412 2794 sceleribus
444 2731 623 2794 deserente
652 2733 772 2806 terras,
804 2731 1004 2795 abundante
1026 2731 1212 2813 iniquitate
1236 2735 1271 2796 et
1294 2753 1342 2796 re·

224 2819 433 2901 frigescente
463 2819 610 2883 caritate
640 2819 828 2883 multorum
843 2819 861 2896 ⁷,
893 2820 1078 2902 nullusque
1106 2821 1149 2884 ab
1174 2821 1342 2886 alterutra

225 2911 323 2988 parte
347 2908 468 2970 modus
492 2908 600 2984 fieret,
631 2908 712 2970 inde
743 2908 875 2971 scilicet
906 2909 1188 2972 maledictionum
1210 2910 1266 2974 vel
1290 2931 1341 2974 ex·

225 2995 585 3071 communicationum,
610 2996 691 3058 hinc
714 3017 794 3060 vero
819 2996 986 3060 bellorum
1012 2997 1168 3060 caedium
1199 3001 1234 3062 et
1257 3000 1342 3082 rapi-

224 3103 357 3156 narum,
390 3103 430 3146 eo
460 3103 655 3166 processum
687 3087 739 3148 est
762 3085 833 3148 odii
857 3087 892 3148 et
921 3085 1081 3160 invidiae,
1113 3089 1161 3160 ut,
1192 3087 1260 3150 nisi
1283 3109 1342 3152 rex
1411 3094 1414 3098 ’

179 3201 206 3239 ao
225 3172 457 3254 deponeretur
479 3175 541 3235 aut
564 3193 661 3256 papa,
692 3175 812 3236 tantae
843 3172 914 3237 irae
946 3176 982 3237 et
1010 3174 1270 3238 inimicitiarum
1293 3177 1341 3239 io-

223 3260 325 3324 mites
348 3261 487 3344 penitus
511 3262 667 3344 extingui
697 3283 767 3326 non
790 3265 940 3346 possent.
989 3261 1207 3345 Congregata
1233 3264 1341 3345 igitur

223 3350 316 3432 apud
346 3343 560 3413 Ticinum-⁸
590 3351 715 3414 Italiae
750 3351 927 3415 civitatem
956 3352 1192 3435 episcoporum
1228 3353 1439 3425 multi-1080,

223 3439 355 3515 tudine,
380 3440 439 3521 qui
462 3439 577 3522 regiae
601 3440 693 3522 parti
716 3439 882 3503 favebant
906 3442 941 3502 et
957 3460 1066 3523 papae
1083 3461 1123 3504 eo
1139 3441 1341 3505 ferebantur

223 3527 359 3602 infensi,
392 3527 473 3609 quia
502 3526 710 3592 indiscretus
733 3527 878 3589 nimium
902 3527 1081 3590 dicebatur
1105 3529 1147 3592 ab
1173 3531 1230 3607 eis,
1263 3551 1340 3593 cum

178 3644 203 3683 a
224 3616 265 3678 de
297 3636 414 3679 eorum
445 3616 600 3699 nequitia
630 3635 732 3698 saepe
762 3635 843 3679 vera
872 3615 1080 3697 loqueretur,
1113 3637 1191 3678 cum
1222 3637 1340 3680 eorum

223 3705 365 3768 consilio
389 3707 425 3768 et
448 3705 616 3767 instinctu
640 3725 700 3768 rex
723 3704 829 3767 alium
853 3723 978 3788 papam
1001 3704 1038 3766 in
1055 3705 1134 3768 sede
1151 3705 1340 3788 apostolica

222 3793 408 3858 sublimare
432 3794 640 3878 disponeret,
671 3793 833 3856 interfuit
861 3793 964 3856 etiam
990 3794 1174 3857 conventui
1197 3793 1250 3856 illi
1274 3795 1340 3878 epi-

222 3928 247 3974 a)
265 3927 384 3976 sigenuius
399 3931 431 3978 G‚·
449 3941 525 3970 nomen
542 3931 614 3970 omisa
632 3931 776 3980 interpolator
829 3931 852 3979 b)
868 3929 971 3970 (licinum
984 3941 1042 3973 corr.
1058 3931 1104 3970 alia
1118 3942 1185 3969 manu
1199 3931 1300 3971 Ticinum
1314 3933 1340 3975 (ι’,

224 4032 250 4098 1)
279 4031 424 4096 Siycwinus
451 4037 665 4103 archiepiscopus
691 4042 797 4087 creatus
823 4041 860 4088 est
886 4036 989 4088 ultimis
1013 4053 1038 4090 a.
1061 4039 1138 4092 1078.
1163 4039 1216 4088 sive
1238 4040 1340 4104 primis

176 4125 203 4162 40
223 4117 247 4152 a.
262 4104 339 4156 1079.
357 4103 454 4169 siaa,
473 4107 508 4170 cf.
525 4107 616 4173 Meyer
631 4124 654 4161 v.
668 4108 788 4159 Knoacu
803 4108 820 4161 l.
834 4123 854 4160 c.
868 4107 923 4170 III,
938 4109 1006 4170 155,·
1024 4111 1115 4175 itaque
1131 4108 1267 4160 Baunonia
1285 4110 1339 4174 epi-⁴

220 4173 321 4224 atulam
337 4189 363 4228 a.
374 4175 451 4229 1079.
467 4175 558 4227 datam
574 4193 627 4229 esse
641 4179 784 4230 verisimile
798 4183 842 4232 est.
901 4180 929 4246 2)
950 4179 992 4242 67⁰.
1006 4182 1030 4234 2.
1041 4180 1105 4246 Ray·
1119 4181 1196 4246 226.
1251 4181 1279 4246 3)
1295 4180 1338 4242 cf.

221 4245 294 4299 Pscl.
315 4247 413 4311 70,11.
432 4248 476 4311 49,
492 4249 535 4299 22.
623 4247 651 4316 4)
679 4249 721 4312 Cf.
741 4249 813 4302 Psal.
832 4251 876 4313 45,
890 4253 915 4304 2.
935 4253 995 4314 118,
1009 4253 1068 4305 143.
1159 4253 1185 4317 5)
1211 4251 1252 4314 Cf.
1274 4251 1355 4316 Gen..

220 4316 317 4382 39‚12.
363 4317 390 4385 6)
405 4316 448 4380 Cf,
461 4317 535 4370 Psal.
548 4319 592 4383 67,
604 4321 647 4372 20.
684 4318 990 4387 benefeceram.
1039 4323 1067 4389 8)
1082 4322 1173 4373 Error
1184 4321 1339 4382 Nertberti,⁸

222 4387 341 4454 loquitur
359 4389 390 4440 dc
407 4389 508 4454 synodo
526 4388 696 4455 Briainensi,
716 4405 783 4456 qaae
801 4391 827 4444 d.
839 4393 882 4445 25.
902 4408 936 4446 m.
950 4391 1028 4443 Iunii
1045 4409 1070 4446 a.
1086 4393 1162 4448 1080.
1183 4392 1275 4444 hahita
1294 4397 1337 4442 cst.
