3262 5024
347 453 443 508 VITA
461 449 653 505 BENNONIS
670 448 710 504 11.
729 449 904 504 EPISOOPI
922 448 1245 505 OSNABRUGENSIS.
1323 454 1358 506 37
1435 402 1439 410 Ι

240 640 336 703 ribus
360 657 466 710 usam,
492 632 683 716 pontificali
714 635 817 698 etiam
845 654 937 697 nunc
962 633 1133 715 dignitate
1158 632 1356 716 pollentem,
1379 640 1456 694 1088.

242 727 341 791 annis
371 723 558 788 invalidam
590 722 851 805 confectamque
886 723 1013 786 morbis
1049 725 1084 785 et
1120 722 1268 786 debilem
1302 721 1358 785 hic

243 814 423 896 confregit,
449 813 506 875 hic
522 811 628 886 trivit,
655 810 810 893 plaustra
824 812 987 876 videlicet
1004 811 1166 873 minando
1184 814 1219 874 et
1235 811 1358 886 asinos,

243 906 421 970 caementa
452 900 663 964 conficiendo
694 903 729 963 et
760 900 1007 983 comportando
1038 898 1180 982 lapides,
1212 900 1359 981 denique

211 1021 224 1060 s
242 992 399 1057 vilissimi
414 990 524 1054 vicem
540 989 692 1070 gerendo
708 990 882 1072 mancipii,
906 992 947 1052 ut
963 989 1121 1052 miseram
1145 991 1360 1051 senectutem

242 1082 351 1146 tantis
382 1078 558 1143 laboribus
588 1098 650 1160 pro
680 1077 797 1140 divina
826 1078 1055 1142 retributione
1082 1077 1236 1160 fatigans
1260 1080 1359 1140 tanto

244 1170 424 1255 gloriosius
440 1187 546 1249 regno
560 1167 626 1230 Dei
641 1166 678 1228 in
694 1168 951 1230 renovationem
967 1167 1021 1230 sui
1036 1166 1197 1230 redderet
1209 1166 1358 1248 dignam,

244 1263 374 1343 quanto
404 1256 592 1320 deformius
623 1275 698 1319 eam
728 1276 820 1318 nunc
850 1256 976 1319 servire
1007 1255 1238 1338 compelleret.
1292 1254 1360 1319 Sed

244 1370 302 1413 vos
327 1347 524 1430 episcopum
549 1347 712 1419 vestrum,
736 1345 835 1426 quasi
858 1349 893 1408 et
916 1366 986 1408 11011
1009 1347 1126 1408 noster
1145 1344 1262 1418 fuerit,
1288 1343 1360 1407 sedi

202 1464 227 1503 10
245 1457 325 1502 suae
349 1435 530 1498 restituere
555 1437 590 1496 et
614 1434 703 1497 bono
728 1433 803 1496 loeo
828 1434 972 1517 sepelire
996 1433 1178 1507 conamini,
1210 1434 1301 1515 qnod
1326 1438 1360 1496 01

244 1547 306 1590 nos
329 1524 506 1588 vobiscum
531 1542 631 1604 agere
655 1525 839 1605 oporteret,
865 1523 1001 1586 sirecte
1018 1541 1224 1604 saperemus.
1264 1521 1362 1584 Bona

245 1615 384 1698 quidem
407 1613 493 1676 haec
517 1613 631 1674 vestra
653 1631 728 1686 vox,
754 1612 813 1674 sed
837 1611 1005 1693 sacrilega
1027 1611 1187 1683 1111011110,
1220 1613 1255 1672 01
1279 1610 1361 1672 dum

245 1703 363 1767 vitatis
393 1701 571 1764 infamiam
605 1704 640 1764 et
670 1701 794 1783 pietati
825 1700 1014 1773 consulitis,
1047 1718 1133 1781 quae
1161 1697 1258 1760 nulla
1280 1698 1359 1774 fuit,

248 1792 357 1856 scelus
380 1789 565 1863 incurritis,
590 1789 728 1872 rapinas
752 1792 787 1852 et
811 1789 908 1852 dolos
932 1789 1068 1852 honesti
1084 1787 1232 1850 nominis
1248 1787 1361 1851 colore

204 1907 229 1948 rs
246 1883 414 1945 fucantes.
468 1879 537 1942 Sed
568 1881 650 1953 esto,
683 1878 826 1954 deferte,
859 1899 926 1960 quo
956 1877 1072 1952 vultis,
1104 1896 1185 1939 sane
1216 1880 1256 1938 ut
1287 1897 1362 1939 con·

247 1971 351 2054 digno
386 1967 705 2051 praedecessoribus
741 1967 811 2029 suis
846 1967 975 2029 honore
1011 1966 1177 2041 condatis,
1217 1986 1362 2047 quorum

245 2059 417 2130 nimirum,
443 2076 530 2136 quae
552 2055 680 2117 urticas
704 2059 739 2118 et
762 2075 882 2138 vepres
898 2058 933 2118 et
950 2075 1131 2137 porcorum
1146 2074 1273 2136 pascua
1290 2074 1363 2118 eva·

247 2147 327 2209 dere
351 2147 549 2228 potuerunt,
574 2143 779 2227 paucissima
802 2143 901 2206 nobis
925 2142 1363 2206 011111111011111101110100111-

247 2238 355 2318 perta,
380 2254 525 2315 quorum
549 2235 665 2296 autem
688 2234 724 2294 in
748 2235 867 2315 aperto
892 2237 982 2306 sunt,
1007 2252 1219 2296 veneramur.
1258 2231 1363 2294 Num·

202 2350 229 2390 ec
247 2317 349 2406 quidb
379 2321 476 2385 cultu
500 2324 536 2385 et
557 2323 678 2385 decore
695 2341 756 2383 suo
773 2341 983 2384 successores
1000 2320 1159 2384 alliciunt
1176 2321 1361 2403 episcopos,

247 2415 287 2474 ut
311 2413 384 2473 sine
414 2410 462 2473 eis
493 2409 609 2472 sortiri
639 2408 835 2491 sepulturas
858 2431 928 2472 11011
952 2408 1143 2492 appetant?
1188 2409 1267 2472 Non
1295 2410 1361 2485 ita;

248 2499 375 2581 quippe
410 2517 497 2579 quae
532 2501 632 2559 tanto
665 2497 734 2559 iam
770 2501 924 2579 tempore
959 2499 1061 2562 foedo
1097 2499 1167 2560 situ
1205 2498 1364 2579 neglecta

248 2587 450 2650 sordescunt
474 2588 509 2648 et
529 2585 668 2646 horrido
684 2586 834 2666 quodam
849 2586 1033 2648 vetustatis
1056 2585 1214 2666 squalore
1238 2586 1362 2666 potius,

248 2679 288 2738 111
310 2674 502 2757 fugiantur,
527 2672 719 2748 clamant⁰;
748 2676 784 2736 et
806 2672 907 2755 quale
932 2672 1120 2748 animabus,
1144 2693 1232 2753 quae
1255 2673 1365 2736 videri

204 2790 230 2830 rs
249 2785 318 2827 non
342 2765 495 2846 possunt,
521 2762 597 2844 piae
620 2762 868 2826 recordationis
892 2762 1113 2844 impendatur
1128 2761 1292 2837 officium,
1318 2782 1364 2826 se·

249 2853 403 2936 pulchra,
435 2872 523 2934 quae
554 2855 721 2934 apparent
752 2854 787 2915 et
816 2856 957 2934 possent
981 2854 1122 2933 sumptu
1145 2850 1298 2932 reparari
1321 2851 1365 2915 le-

248 2943 396 3016 vissimo,
421 2939 601 3022 neglectus
625 2941 677 3002 sui
695 2941 863 3003 foeditate
879 2943 1064 3003 testantur.
1100 2939 1231 3002 Multos
1248 2943 1364 3002 autem

249 3030 406 3093 novimus
437 3029 616 3111 pontifices
647 3031 743 3092 extra
773 3029 863 3091 sedis
894 3048 975 3093 suae
1006 3028 1119 3092 locum
1150 3048 1219 3090 11011
1244 3028 1364 3102 solum,

249 3140 368 3183 verum
399 3117 504 3182 etiam
536 3120 632 3181 extra
668 3111 862 3180 dioceseosd
895 3137 977 3181 suae
1011 3118 1177 3182 terminos
1212 3137 1284 3180 esse
1319 3137 1365 3180 se-

206 3237 231 3276 10
250 3208 375 3292 pultes.
424 3205 515 3285 Quid
535 3207 652 3289 igitur,
677 3207 856 3269 hominum
879 3207 1111 3289 impurissimi,
1136 3209 1250 3270 vestro
1274 3206 1366 3268 hunc

250 3298 364 3361 locum
386 3296 550 3360 invidetis
573 3295 732 3371 antistiti,
764 3296 825 3359 ubi
852 3316 935 3360 suae
959 3295 1079 3378 procul
1103 3295 1208 3359 dubio
1233 3295 1366 3358 animae

250 3388 492 3450 intercessores
538 3385 756 3468 praeparavit
801 3385 948 3468 optimos
988 3388 1024 3450 et
1061 3385 1189 3448 ossium
1228 3403 1367 3447 suorum

251 3475 433 3538 fidissimos
456 3473 627 3556 praevidit
650 3473 871 3555 cinerumque
895 3474 1079 3538 custodes?
1113 3473 1186 3538 Nec
1203 3472 1367 3537 eeclesiae

251 3583 342 3637 suae,
367 3566 408 3624 ut
431 3565 545 3625 vestra
568 3562 583 3623 f
605 3560 751 3626 lsissime
776 3562 959 3626 cavillatur
981 3563 1142 3639 versutia,
1174 3582 1209 3625 se
1237 3562 1367 3624 subtra-

207 3677 233 3716 as
251 3651 365 3715 hendo
389 3653 519 3714 statum
542 3650 705 3714 minuisse
730 3651 937 3726 dinoscitur;
969 3651 1029 3716 sed
1057 3651 1129 3715 eius
1153 3650 1268 3733 potius
1289 3671 1368 3713 eum

250 3741 288 3803 in
317 3738 445 3816 multis,
476 3742 553 3801 tum
584 3740 686 3802 etiam
719 3761 843 3802 novam
870 3738 1031 3804 faciendo
1056 3740 1366 3822 congregationem,

251 3827 489 3891 tantillulume
516 3827 610 3911 prius
633 3849 703 3891 11011
727 3848 846 3911 parum
875 3829 1054 3912 ampliavit
1077 3830 1252 3892 honorem.
1300 3827 1368 3890 Sed

253 3917 336 3995 quid
367 3937 426 3979 vos
456 3920 610 3980 astantes
640 3921 675 3980 et
707 3918 792 3980 haec
823 3918 1013 3994 audientes,
1045 3918 1167 4001 optimi
1198 3917 1309 3980 clerus
1333 3922 1368 3980 et

253 4001 411 4085 populus,
443 4006 501 4087 qui
532 4007 655 4068 horum
685 4005 775 4068 iuste
801 4005 1038 4088 dedignamini
1061 4006 1182 4071 sceleri
1206 4005 1368 4088 praebere
1445 4063 1447 4068 .

208 4116 236 4156 10
254 4109 439 4168 assensum,
476 4113 529 4157 me
564 4095 674 4158 solum
710 4097 765 4158 tot
799 4094 942 4158 canibus
984 4096 1157 4159 oblatrare
1199 4095 1367 4178 patimini,

253 4184 307 4243 tot
331 4199 506 4243 morsuum
529 4176 668 4264 pateres
695 4183 871 4260 livoribus,
903 4186 938 4248 et
969 4185 1067 4266 quasi
1096 4183 1244 4247 tacendo
1275 4186 1369 4246 nota·

253 4337 275 4383 a)
291 4335 323 4372 itu
337 4333 435 4382 (S?)IE,·
453 4339 595 4375 monumenta
609 4337 641 4383 G,·
659 4337 754 4387 monim,
770 4349 937 4380 commodum.
952 4338 974 4376 N
1023 4336 1046 4388 b)
1060 4335 1161 4386 nunquid
1175 4338 1194 4375 G
1249 4337 1370 4385 010011010-

252 4396 314 4427 mant
333 4388 431 4426 ernendae
444 4399 463 4430 o.
477 4388 602 4437 Wntcrfeld
618 4390 648 4427 acl
665 4391 819 4428 restituendam
837 4391 962 4439 rhythmum
1016 4391 1038 4438 d)
1057 4389 1184 4430 dioeceseos
1197 4391 1230 4438 G,·
1248 4389 1369 4430 dioecesim

253 4441 354 4490 {S?)NI,·
368 4439 490 4481 diaecesios
504 4442 525 4480 1]
577 4443 598 4490 e)
612 4442 644 4480 lta
658 4443 690 4490 0,·
704 4443 815 4482 tantillum
831 4443 904 4482 SNIE
956 4442 1064 4494 operere
1078 4445 1104 4488 G.
