3262 5024
293 451 328 505 30
400 446 496 501 VITA
515 445 708 501 BENNONIS
727 446 766 504 II.
784 445 958 502 EPISOOPI
977 445 1302 504 OSNABRUGENSIS.

293 630 364 694 boli
387 631 526 693 firmans
550 631 794 714 affirmansque
815 632 998 696 fraudibus
1021 632 1107 695 talia
1130 633 1266 697 evenire
1289 633 1408 710 solere,

293 719 349 783 cui
372 719 461 783 nihil
485 720 594 803 magis
618 721 797 784 adversum
822 720 978 803 nihilque
1002 721 1153 785 odiosius
1177 725 1276 798 esset,
1306 743 1408 804 quam

293 808 429 873 divinae
452 808 602 891 aliquem
626 810 768 892 obsequi
790 810 964 873 voluntati
992 810 1224 893 spiritalisque
1255 811 1409 874 exercitii

292 897 523 961 instrumenta
546 898 726 962 animabus
749 919 871 981 parare
888 899 1076 963 salvandis:
1101 899 1219 962 statim
1235 901 1408 982 oportuni·

290 989 365 1050 tate
381 986 462 1050 talis
479 987 727 1051 exhortationis
744 988 871 1065 oblata,
897 989 991 1053 omni
1006 989 1267 1072 supplicationis
1283 1007 1408 1070 genere
1427 1014 1441 1053 s

292 1095 475 1158 suggerere
500 1077 614 1158 coepit
637 1076 764 1154 abbati,
789 1078 889 1140 utin
914 1097 996 1140 suae
1020 1078 1240 1159 paternitatis
1255 1078 1408 1160 regimen

291 1164 405 1227 locum
436 1165 644 1248 susciperet⁸
677 1166 871 1247 fratresque
909 1165 1073 1247 dirigeret
1106 1167 1302 1248 irrigationi
1335 1170 1407 1230 tam

290 1252 448 1316 novellae
464 1253 690 1336 plantationis
705 1255 856 1329 idoneos,
882 1255 975 1316 omni
991 1273 1026 1316 se
1044 1254 1092 1316 eis
1108 1255 1224 1317 studio
1241 1255 1408 1337 pollicens

292 1362 472 1424 corporum
502 1343 694 1407 necessaria
724 1340 942 1416 collaturum,
974 1363 1035 1425 pro
1063 1343 1133 1405 suis
1157 1343 1289 1406 scilicet
1313 1345 1408 1406 serni-

291 1431 382 1494 natis
406 1431 601 1496 carnalibus
625 1435 753 1495 metere
777 1432 918 1513 cupiens
942 1430 1136 1514 spiritualia
1153 1431 1302 1494 eorum1.
1339 1431 1406 1496 Sed
1427 1458 1453 1495 ιο

292 1512 433 1595 abbasl,
466 1521 517 1583 vir
546 1519 725 1603 prudentis
755 1520 896 1601 ingenii,
927 1520 1083 1603 quamvis
1114 1539 1174 1602 per
1204 1539 1239 1583 se
1264 1523 1406 1584 cunctos

291 1608 456 1691 proficere
472 1611 609 1691 suisque
625 1608 796 1671 institutis
813 1613 954 1692 cuperet
970 1609 1096 1673 salvari
1112 1630 1213 1691 quam
1230 1609 1406 1692 plurimos,

291 1718 360 1760 non
384 1697 487 1760 facile
511 1698 584 1760 eius
607 1697 766 1780 precibus
790 1699 1005 1778 acquiescere
1028 1699 1149 1772 voluit,
1174 1698 1269 1781 prius
1292 1699 1406 1762 locum

291 1787 416 1849 istume
444 1787 552 1849 visere
581 1788 751 1860 tractans;
782 1785 883 1848 valde
914 1787 1015 1862 enim,
1047 1807 1134 1867 quae
1159 1787 1272 1849 adhuc
1296 1787 1407 1868 acqui-

292 1876 405 1948 sierat,
438 1875 578 1957 praedia
606 1875 705 1937 erant
733 1874 856 1956 exigua
887 1877 922 1936 et
951 1876 1006 1936 tot
1036 1869 1261 1949 necessaria&
1293 1895 1346 1950 ne,
1378 1875 1407 1936 si
1427 1899 1451 1937 15

292 1985 370 2027 suos
393 1965 430 2026 in
453 1963 621 2026 incertum
646 1963 772 2026 fratres
797 1963 970 2045 dirigeret,
1003 1960 1114 2024 simile
1143 1962 1225 2043 quid
1250 1961 1298 2024 eis
1322 1962 1406 2024 acci·

292 2053 398 2128 deret,
434 2053 525 2134 quod
562 2054 597 2114 et
627 2051 703 2114 aliis
739 2052 902 2115 accidisse
933 2055 1157 2134 compererat.
1211 2054 1325 2132 Atque
1355 2050 1406 2112 ita

291 2145 405 2206 rectae
427 2140 602 2203 voluntati
625 2160 789 2215 annuens,
815 2141 1013 2222 episcopum
1029 2141 1291 2222 praecedentem
1311 2138 1407 2202 brevi

290 2235 368 2313 post
392 2229 581 2310 sequiture.
617 2228 658 2290 In
684 2229 786 2292 huius
810 2231 926 2292 autem
949 2229 1223 2292 consideratione
1241 2227 1309 2290 loci
1328 2249 1406 2290 cum

291 2319 407 2400 aliqua
441 2317 664 2400 displicerent
699 2320 734 2380 et
768 2317 931 2400 pleraque
968 2317 1153 2393 laudasset,
1193 2318 1340 2379 maxime
1375 2317 1407 2380 ei
1426 2341 1452 2380 ao

289 2407 401 2468 fertur
426 2405 641 2487 displicuisse
672 2410 857 2489 paupertas
881 2407 1060 2490 reputanti
1090 2407 1127 2468 in
1157 2407 1222 2469 hoc
1251 2410 1406 2488 tempore

289 2494 370 2556 talis
400 2493 532 2576 negotii
562 2495 612 2558 nil
640 2494 765 2558 stabile
795 2496 964 2570 futurum,
999 2495 1092 2577 quod
1122 2516 1234 2559 rerum
1267 2494 1407 2556 munda-

289 2603 410 2646 narum
435 2582 650 2647 abundantia
679 2584 777 2647 nulla
806 2586 985 2662 firmasset,
1012 2587 1048 2648 et
1070 2584 1171 2648 valde
1195 2604 1322 2666 paucos
1346 2586 1407 2645 aut

289 2671 404 2734 nullos
443 2693 522 2735 cum
560 2674 754 2756 indigentia
789 2674 957 2757 corporali
996 2673 1225 2736 monasticum
1258 2672 1406 2754 rigorem

290 2761 539 2842 aequanimiter
560 2781 632 2825 esse
656 2762 798 2836 laturos,
823 2783 900 2824 oum
924 2763 961 2822 in
977 2760 1255 2843 locupletissimis
1272 2780 1406 2842 quoque
1426 2784 1452 2822 ss

290 2849 463 2912 coenobiis
487 2849 658 2913 districtio
682 2848 755 2912 sola
778 2849 907 2912 multos
930 2849 1070 2913 turbare
1095 2851 1301 2911 consuesset.

210 2937 267 3006 (28)
398 2942 450 3000 22.
482 2938 527 3001 st
543 2939 591 3002 sic
608 2938 766 3003 omnibus
785 2939 852 3002 rite
869 2938 1043 3021 dispositis
1059 2937 1185 3000 iterum
1200 2938 1295 3018 regio
1311 2937 1406 2998 iussu

144 3026 268 3096 1082s83.
290 3027 449 3090 dominus
480 3028 661 3110 episcopus
690 3028 727 3090 in
751 3027 892 3090 Italiam
916 3030 968 3091 est
993 3026 1199 3110 profectus2‚
1231 3026 1291 3088 ubi
1316 3046 1406 3088 anno

289 3116 425 3198 integro
450 3119 485 3180 et
499 3117 612 3180 tribus
629 3117 802 3180 mensibus
818 3117 856 3178 in
871 3117 1045 3180 Romanae
1062 3115 1212 3178 civitatis
1229 3114 1407 3178 obsidione

291 3209 343 3268 est
359 3206 535 3282 detentus;
558 3205 675 3286 nilque
692 3205 788 3268 aliud
803 3209 904 3267 tanto
919 3205 1084 3288 temporis
1101 3204 1216 3288 spacio
1232 3204 1281 3268 ibi
1297 3203 1406 3286 perhi·
1426 3227 1451 3266 ao

290 3295 393 3357 betur
402 3295 520 3376 egisse,
534 3294 601 3356 nisi
611 3293 640 3356 si
649 3293 741 3356 forte
752 3293 818 3356 Dei
828 3292 1023 3375 opitulante
1034 3293 1218 3357 clementia
1230 3313 1308 3356 cum
1318 3291 1404 3365 aliis,

290 3403 435 3464 quorum
459 3382 554 3444 Deus
583 3382 749 3465 tetigerat
779 3383 892 3458 corda,
923 3402 1042 3465 pacem
1073 3382 1164 3446 inter
1191 3401 1248 3444 eos
1272 3383 1307 3442 et
1331 3399 1405 3442 con-

291 3470 442 3533 cordiam
465 3470 580 3534 facere
604 3474 729 3554 posset.
764 3470 858 3534 Pene
882 3471 971 3535 enim
997 3471 1152 3553 quotidie
1176 3471 1406 3550 interregem

291 3563 326 3622 et
351 3579 473 3642 papam
498 3559 738 3622 internuncius
762 3580 910 3637 currens,
942 3559 1020 3643 plus
1051 3580 1138 3643 pene
1162 3557 1334 3621 laborasse
1360 3556 1405 3618 di·

290 3649 381 3712 citur
409 3648 447 3710 in
477 3669 560 3730 pace
590 3649 760 3726 facienda,
793 3670 895 3731 quam
925 3649 962 3710 in
993 3649 1108 3730 aliqua
1131 3649 1244 3711 facere
1269 3665 1406 3708 consue·
1426 3668 1452 3708 ss

289 3738 395 3800 visset
419 3737 637 3820 expeditione
661 3737 841 3801 bellorum.
878 3737 945 3801 Sed
969 3757 1047 3800 cum
1070 3736 1269 3799 nullatenus
1290 3737 1407 3816 posset

195 3831 272 3884 1084.
292 3825 482 3889 obstinatia
509 3830 610 3889 tanta
639 3827 776 3902 molliri,
811 3828 963 3902 tandem,
1000 3826 1139 3888 civitate
1174 3823 1304 3886 tradita
1333 3841 1406 3904 pro·

292 3915 424 3978 ditione
455 3915 581 3978 civium
591 3916 613 3992 ³,
645 3937 735 3999 papa
766 3914 1025 3979 Hildebrandus
1055 3914 1141 3995 fuga
1170 3911 1306 3995 elapsus
1337 3932 1408 3974 non

290 4072 312 4117 a)
330 4075 353 4109 et
366 4070 495 4118 religiosum
508 4070 583 4108 virum
598 4068 750 4109 Adelhsrdum
765 4070 868 4109 abbatem
887 4068 1015 4107 institueret
1033 4066 1171 4108 0101deOE
1226 4066 1249 4114 b)
1269 4066 1407 4115 Siburgensis

292 4124 342 4165 add.
358 4123 431 4162 SNIE
491 4122 512 4172 c)
532 4125 565 4161 ita
579 4125 611 4172 G‚·
631 4124 694 4163 illum
709 4124 782 4162 SNIE
838 4123 860 4170 d)
874 4121 1049 4161 necessariorum
1063 4130 1147 4169 omnes,¹
1165 4121 1285 4159 mauolt
1303 4120 1407 4157 thans
1425 4119 1451 4157 40

291 4176 313 4226 e)
333 4177 382 4216 visu
397 4177 539 4226 probaturus,
559 4177 619 4226 quod
639 4177 718 4216 auditu
738 4179 872 4225 perceperat
893 4174 944 4216 add.
962 4173 1047 4224 SNIE,·
1069 4184 1124 4222 quae
1142 4175 1207 4212 verba
1227 4175 1322 4221 fortasse
1342 4173 1406 4210 etiam

290 4231 313 4267 in
327 4231 373 4268 vita
383 4231 479 4278 genuina
489 4232 572 4279 scripta
585 4234 654 4272 erant.

292 4354 318 4421 1)
339 4353 381 4417 ΟΥ.
403 4355 425 4407 1.
441 4354 499 4408 Cor.
519 4356 599 4419 9,11.
672 4353 700 4420 2)
722 4352 806 4403 Initio
830 4368 856 4405 a.
877 4353 954 4406 1083.
979 4352 1032 4402 sive
1048 4351 1098 4401 sub
1115 4351 1194 4416 finem
1219 4348 1341 4411 alosa,
1368 4345 1404 4408 of.

290 4425 385 4477 ‘Neues
402 4424 512 4476 Archiv’
530 4423 669 4489 XXVIII,
691 4425 750 4478 124.
822 4423 850 4490 3)
867 4423 918 4475 Dia
935 4426 978 4477 21.
997 4439 1032 4476 m.
1051 4423 1150 4474 Martii
1166 4437 1192 4475 a.
1206 4422 1283 4475 1084.
