3262 5024
351 473 447 528 VITA
465 475 658 530 BENNONIS
677 475 716 534 H.
735 475 909 532 sersoom
928 476 1252 536 OSNABRUGIINSIS.
1327 483 1360 537 19

243 660 450 723 monasterio
475 662 673 724 constructo
697 661 913 744 praediisque
942 661 1118 743 acquisitis
1148 661 1360 725 abbatiolam

244 749 474 831 qualicunque
496 748 667 812 facultate
691 751 854 814 inchoare
878 749 1029 826 deberet,
1055 750 1127 813 eius
1152 753 1268 814 autem
1287 771 1359 833 per·

244 839 343 902 ficere
368 840 466 914 esset,
493 857 513 900 a
536 857 603 919 quo
627 837 718 901 bona
741 841 866 902 cuncta
890 839 1091 920 procedunt,
1123 842 1159 902 et
1187 840 1260 922 ipse
1288 859 1359 922 per·

242 927 344 1002 ficiet,
370 925 589 989 confirmabit
612 926 853 1009 solidabitque.

210 1073 223 1112 s
353 1054 402 1111 16.
445 1048 513 1112 Sed
547 1049 615 1112 iam
650 1050 910 1132 ingravescente
945 1051 1054 1133 magis
1090 1054 1186 1134 peste
1221 1050 1356 1128 bellica,
1380 1058 1436 1125 (20)

243 1161 321 1202 cum
357 1137 422 1201 sibi
456 1138 610 1220 quotidie
644 1139 749 1201 etiam
784 1140 826 1203 ab
867 1139 984 1202 amicis
1024 1139 1261 1222 captivitatem
1298 1142 1359 1202 aut

244 1231 387 1291 mortem
422 1227 600 1290 imminere
636 1227 860 1310 conspiceret,
896 1248 1035 1291 suorum
1072 1229 1176 1291 etiam
1212 1228 1358 1291 maxime

242 1315 449 1378 infidelitate
480 1315 684 1398 perterritus
717 1316 844 1380 iterum
880 1337 941 1399 pro
975 1320 1131 1399 tempore
1167 1316 1359 1380 cedendum

242 1405 379 1488 putavit
389 1403 409 1478 1,
435 1407 469 1466 et
495 1405 677 1487 episcopio,
703 1407 806 1487 prout
828 1407 913 1468 tune
930 1406 1054 1487 potuit,
1081 1405 1246 1488 disposito
1263 1403 1358 1468 urbe·

198 1517 223 1555 10
242 1494 328 1576 que2
359 1493 539 1556 commissa
567 1494 630 1566 his,
663 1493 706 1557 de
736 1513 881 1575 quorum
908 1493 975 1556 fide
1000 1493 1140 1556 minime
1164 1493 1357 1570 dubitabat,

242 1603 320 1645 cum
351 1582 437 1657 aliis,
465 1581 524 1662 qui
548 1581 688 1664 plurimi
717 1603 779 1664 pro
810 1581 955 1645 arctiore
985 1581 1154 1645 fidelitate
1184 1581 1222 1644 in
1244 1601 1359 1663 regem

243 1671 286 1734 de
309 1671 374 1732 hac
398 1670 539 1752 regione
555 1671 688 1752 expulsi
705 1673 795 1746 sunt,
820 1670 1020 1753 parvissimo
1036 1691 1176 1734 suorum
1193 1671 1359 1733 comItatu

243 1759 287 1821 ad
321 1779 437 1840 regem
472 1758 647 1840 profectus
683 1761 744 1822 est.
799 1762 829 1822 A
860 1779 927 1841 quo
962 1760 1148 1823 admodum
1180 1763 1359 1842 gratanter
1379 1773 1454 1826 1076.

243 1850 431 1930 susceptus,
457 1847 636 1929 aliquanto
669 1869 746 1911 cum
778 1867 817 1911 eo
848 1851 1003 1930 tempore
1027 1851 1257 1925 conversatus,
1289 1849 1358 1912 iam

199 1959 224 1998 ιδ
241 1941 378 2019 tempus
400 1936 578 2000 advenisse
603 1936 825 2018 conspiciens,
850 1956 917 2018 quo
938 1937 1176 2000 decimationis
1193 1957 1274 2001 suae
1289 1938 1358 1999 iam

241 2028 341 2087 tanto
365 2029 519 2107 tempore
543 2025 713 2088 violenter
736 2023 873 2088 ablatae
898 2026 1108 2088 commodius
1124 2028 1240 2107 posset
1257 2046 1359 2089 causa

242 2114 385 2176 tractari
396 2113 416 2189 ³,
441 2133 485 2176 ne
509 2112 661 2195 spacium
685 2113 910 2195 ingratissimi
934 2113 1000 2176 ocii
1022 2112 1059 2175 in
1083 2113 1213 2196 palatio
1231 2115 1358 2195 degens

243 2223 381 2284 prorsus
403 2201 528 2266 inutile
553 2203 703 2279 duceret,
729 2202 875 2285 propriis
898 2202 1058 2284 primitus
1080 2202 1209 2276 amicis,
1234 2201 1358 2265 deinde

242 2292 332 2374 regis
373 2291 603 2354 familiaribus
637 2294 757 2354 tantae
797 2291 1047 2354 controversiae
1086 2290 1356 2372 querimoniama

198 2405 224 2442 ao
241 2379 448 2443 insinuando
480 2380 620 2442 detexit.
674 2378 742 2456 Qui
772 2398 890 2442 omnes
920 2379 995 2463 pari
1024 2379 1138 2442 animo
1172 2379 1359 2460 eademque

243 2469 388 2530 caritate
430 2468 682 2550 promptissime
732 2469 765 2531 ei
813 2468 1006 2555 voluntarie
1055 2467 1220 2530 auxilium
1262 2466 1360 2549 polli-

244 2560 370 2632 centes,
396 2556 491 2619 brevi
515 2556 719 2638 persuadere
744 2559 942 2638 potuerunt,
966 2559 1007 2617 ut
1023 2555 1113 2636 regis
1129 2554 1359 2620 familiaribus

244 2665 346 2708 causa
369 2645 550 2707 commissa
580 2665 642 2727 pro
673 2665 708 2708 se
739 2664 796 2708 eos
826 2644 922 2726 loqui
946 2645 1145 2727 deposceret
1170 2645 1206 2706 et
1229 2642 1358 2725 regiam

242 2734 308 2797 sibi
342 2733 379 2796 in
413 2735 479 2796 hac
515 2726 715 2796 dumtaxatb
754 2753 790 2796 re
829 2733 1115 2807 benevolentiam,
1156 2752 1358 2815 quacunque

198 2826 383 2905 capessent
418 2826 501 2898 arte,
539 2825 788 2906 compararent.
842 2822 929 2884 lirat
960 2823 1051 2886 enim
1083 2842 1123 2884 ea
1152 2822 1358 2903 tempestate

242 2914 321 2994 post
345 2911 481 2974 ablatae
507 2911 745 2974 decimationis
769 2915 926 2993 tempora
949 2910 1103 2974 eiusdem
1120 2909 1358 2973 decimationis

243 2999 461 3062 rehabendae
485 2999 760 3061 commodissima
783 2999 887 3061 ratio:
919 2998 1077 3080 inprimis
1099 2997 1262 3061 videlicet
1292 3018 1359 3060 om·

243 3087 340 3147 nium
365 3085 586 3150 ecclesiarum
609 3087 664 3150 vel
688 3087 926 3170 episcoporum
942 3107 1003 3150 sua
1020 3086 1135 3149 omnia
1150 3087 1358 3169 potestative

246 3174 417 3258 possidere
442 3177 477 3239 et
502 3175 681 3258 disponere
706 3175 831 3241 debere
855 3175 965 3239 libera
986 3174 1138 3238 facultas
1162 3177 1197 3238 et
1222 3194 1359 3238 consue-

199 3290 225 3328 so
243 3265 329 3326 tudo
364 3265 570 3342 eommunis,
605 3268 681 3327 tum
717 3265 822 3328 etiam
853 3265 944 3347 quod
975 3265 1047 3346 ipse
1083 3264 1262 3346 episcopus
1297 3284 1359 3345 pro

242 3353 333 3434 regis
356 3352 535 3430 fidelitate,
561 3354 720 3417 omnibus
744 3356 779 3416 et
803 3353 1021 3437 amplissimis
1046 3352 1175 3415 divitiis
1200 3352 1358 3428 dimissis,

243 3441 287 3504 ad
312 3461 390 3505 eum
414 3443 527 3505 nudus
552 3447 587 3506 et
610 3443 777 3525 profugus
807 3443 965 3519 venisset,
997 3463 1098 3524 quam
1129 3441 1249 3522 utique
1279 3461 1360 3522 rege

244 3531 349 3613 digna
379 3531 616 3594 munificentia
646 3529 858 3594 remunerari
887 3532 1078 3611 oporteret3
1115 3529 1240 3593 dehinc
1275 3529 1360 3590 alios

242 3620 316 3702 regi
340 3619 512 3683 fideliores
535 3620 681 3694 futuros,
714 3618 743 3680 si
770 3617 873 3679 huius
898 3617 1076 3680 devotioni
1104 3618 1209 3697 digna
1236 3616 1360 3678 fuisset

199 3814 226 3854 85
244 3810 266 3861 a)
280 3809 448 3858 queremoniem
460 3810 479 3848 G
534 3809 557 3857 b)
571 3809 681 3849 duntaxat
695 3809 721 3851 (l.

247 3950 272 4014 1)
290 3951 331 4012 Cf.
344 3965 431 4018 supra
445 3969 474 4018 p.
487 3953 528 4015 12,
541 3952 558 4004 l.
571 3953 618 4005 16:
639 3948 791 4002 cedendum
803 3949 918 4017 putavit,
935 3954 958 4000 et
969 3965 1036 4015 quae
1048 3949 1079 4001 de
1090 3949 1138 4000 hoe
1152 3949 1212 4013 loco,
1229 3947 1362 4012 hucusque

245 4035 298 4071 non
319 4026 386 4070 reete
404 4023 540 4087 intellecto,
559 4023 677 4074 disserui
694 4022 787 4072 ‘Neues
805 4021 913 4072 Archiv’
932 4021 1071 4084 XXVIII,
1093 4021 1143 4074 125
1155 4036 1176 4072 e.
1212 4018 1362 4069 Verisimile

243 4095 282 4141 eet
300 4090 451 4142 Bennonem
475 4095 580 4144 circiter
604 4093 688 4144 medio
711 4107 782 4143 enno
805 4093 882 4146 1076.
901 4107 934 4142 ex
953 4092 1076 4142 Saaeoera
1100 4091 1137 4141 ad
1161 4091 1266 4142 ruriam
1291 4091 1363 4154 repis

246 4162 370 4214 Heinrioi
387 4162 497 4226 fugisse.
569 4164 596 4229 2)
613 4164 676 4216 Seil.
695 4162 882 4215 novocastello
901 4164 931 4214 ire
953 4169 1038 4214 morte
1056 4161 1200 4226 Iburyensi
1216 4159 1361 4224 aeditimo,

200 4246 228 4284 40
246 4233 274 4298 3)
302 4231 342 4282 De
367 4232 411 4283 lire
429 4232 460 4283 ob
484 4233 597 4286 desieras
617 4234 831 4299 osnabruqmses
848 4233 896 4284 diu
912 4239 1052 4300 protracta
1070 4237 1094 4283 et
1112 4232 1145 4281 ab
1164 4231 1293 4281 Heirrr'eo
1310 4230 1360 4282 IV.

246 4304 386 4369 composita
398 4303 433 4367 cf.
450 4303 587 4370 Wilmans,
597 4302 850 4355 ‘Kaiserurlrurderr
862 4305 910 4355 der
920 4303 1036 4355 Preciae
1050 4302 1204 4366 Weetfaler’
1213 4303 1237 4366 I,
1249 4302 1301 4356 319
1310 4316 1345 4352 ss.
1352 4317 1362 4360 ,·

247 4371 376 4441 Philippi,
402 4373 599 4428 ‘Osnaoreclcer
629 4375 852 4426 Urlruudenbucb'
874 4374 897 4438 I,
917 4382 1059 4439 p.1xse.,·
1087 4372 1197 4423 Brandi
1220 4375 1250 4422 in
1269 4371 1362 4422 ‘Woel-

245 4445 364 4496 deetsobe
381 4445 541 4507 Zeitsehrift
558 4445 609 4509 far
629 4445 779 4496 Gesebr'ehte
796 4445 853 4494 und
872 4442 971 4496 Kurst’
989 4443 1069 4510 XIX,
1090 4446 1184 4497 14283.

1116 4547 1149 4602 2*
