3262 5024
331 436 427 490 vrrs
445 433 636 490 annnorus
653 434 693 490 n.
712 433 885 490 nrrsuorr
903 406 1230 493 osnaaauonusrs.
1305 443 1340 496 aa

223 621 341 684 festim
366 639 386 682 a
408 621 509 680 tanta
531 619 665 680 tractus
687 619 860 701 voragine,
889 620 1164 685 incolumitatem
1190 621 1340 705 eorporis

223 708 274 773 nil
298 729 338 773 eo
362 727 444 770 casu
467 705 645 770 molestiae
669 706 851 790 pertulisse
875 709 1090 772 monstravit.
1126 709 1194 774 Sed
1218 713 1253 774 et
1272 710 1341 773 alia

225 797 392 881 quaedam
416 795 522 859 asseri
545 794 658 858 solent
682 796 738 858 hio
761 799 845 859 tuno
870 797 1033 860 accidisse
1057 798 1223 876 miranda,
1252 818 1340 881 quae

224 907 267 950 ne
290 883 417 948 frivola
441 887 502 946 aut
525 884 607 946 ficta
630 886 806 967 putentur,
831 906 1019 950 memorare
1043 887 1228 964 omisimus,
1253 907 1340 969 quae

192 979 340 1042 stamen
371 973 551 1057 episeopus
581 973 708 1055 partim
739 977 928 1057 martyrum
951 975 1091 1048 meritis,
1119 976 1245 1059 partim
1275 996 1340 1040 ser·

223 1085 344 1128 vorum
375 1062 450 1138 Dei,
484 1081 568 1143 quos
599 1062 800 1139 adduxerat,
835 1063 994 1146 religioni
1029 1063 1204 1140 attribuit;
1241 1066 1276 1128 et
1300 1085 1340 1127 eo

225 1156 347 1235 coepto
371 1151 466 1234 operi
482 1150 651 1213 attentius
666 1151 805 1227 institit,
830 1172 898 1235 quo
912 1152 1044 1234 gratius
1061 1153 1209 1216 credidit
1225 1153 1340 1235 digna-

224 1241 313 1305 tioni
337 1260 409 1304 esse
433 1239 579 1315 divinae,
605 1260 683 1302 cum
707 1241 842 1323 saepius
865 1241 902 1303 in
926 1241 1076 1304 adversis
1100 1244 1136 1305 et
1159 1241 1340 1306 diabolicis

224 1330 370 1394 fortasse
399 1327 534 1392 insidiis
565 1347 751 1410 supernum
781 1351 851 1393 non
876 1329 1043 1393 defuisset
1073 1330 1249 1406 auxilium,
1280 1331 1340 1392 hu·

181 1449 207 1488 10
225 1419 322 1483 miles
352 1419 389 1481 in
419 1416 579 1481 omnibus
609 1417 746 1480 divinae
778 1417 1025 1501 dispensationi
1059 1419 1189 1500 gratias
1224 1439 1338 1502 agens,

224 1529 285 1591 per
308 1507 406 1571 ouius
430 1527 465 1569 se
488 1505 618 1569 totiens
641 1506 909 1570 misericordiam
931 1507 1088 1571 indebite
1104 1508 1248 1570 sentiret
1265 1527 1340 1570 eon·

224 1597 337 1671 solari,
369 1595 428 1676 qui
458 1613 493 1657 se
524 1615 585 1677 pro
615 1595 718 1657 variis
748 1595 884 1659 delictis
914 1616 984 1659 non
1012 1596 1187 1677 ignoraret
1217 1596 1340 1659 merito

225 1683 384 1748 debuisse
406 1682 548 1746 tristari.

332 1777 385 1834 24.
421 1772 560 1836 Interea
583 1777 701 1836 autem
723 1772 824 1835 illum
847 1774 883 1836 et
906 1772 1002 1835 aliud
1027 1771 1137 1836 multo
1160 1771 1339 1836 molestius
1358 1785 1415 1853 (34)

181 1891 207 1930 15
224 1881 347 1944 urgere
377 1861 490 1944 eoepit
520 1861 786 1925 incommodum.
832 1861 1005 1925 Abbatem
1037 1862 1137 1938 enim,
1171 1882 1273 1944 quem
1303 1861 1340 1923 in

225 1950 341 2014 divino
375 1971 478 2033 opere
513 1949 729 2013 adiutorem1
763 1953 953 2032 acceperat,
994 1951 1144 2033 corporis
1179 1950 1340 2014 debilitas

223 2039 437 2119 maximeque
462 2037 640 2101 oculorum
671 2036 782 2121 caligo
812 2041 913 2101 tanto
936 2038 1047 2102 labori
1072 2042 1107 2103 et
1130 2039 1340 2102 monasticae

224 2147 326 2190 ourae
349 2127 463 2188 minus
479 2126 631 2190 habilem
646 2126 880 2210 imparemque
896 2127 1074 2191 reddebat.
1107 2126 1184 2202 Qua
1198 2127 1340 2191 necessi·

222 2217 296 2279 tate
327 2215 524 2298 compulsus
555 2236 631 2280 oum
660 2216 809 2278 maxima
835 2216 981 2278 tristitia
1004 2237 1082 2279 eum
1106 2216 1337 2299 sigebergen²

178 2332 205 2371 so
222 2304 364 2378 remisit,
400 2304 508 2367 alium
541 2305 579 2367 in
612 2305 684 2368 eius
719 2305 834 2368 looum
868 2324 1098 2368 successorem
1133 2304 1339 2386 efflagitans,

223 2396 326 2474 atque
350 2394 400 2454 ita
422 2414 531 2454 unum
556 2414 596 2456 ex
619 2393 787 2456 fratribus
802 2393 1030 2458 Nortbertum
1053 2394 1191 2457 nomine
1215 2414 1276 2477 pro
1301 2413 1340 2457 eo
1360 2407 1437 2462 1085.

222 2480 390 2563 recipiens
414 2481 587 2544 ordinavit
611 2481 804 2545 abbatem2.
851 2482 904 2545 De
929 2503 1006 2563 quo,
1038 2483 1119 2564 quia
1142 2483 1256 2545 adhue
1280 2502 1341 2565 per

224 2569 290 2632 Dei
324 2569 472 2651 gratiam
506 2568 593 2631 vivit
628 2573 663 2632 et
698 2573 863 2653 superest,
898 2591 969 2633 non
1003 2569 1123 2644 multa,
1159 2571 1219 2632 sed
1255 2571 1339 2633 haee

221 2660 359 2720 tantum
383 2657 573 2734 referimus,
605 2651 717 2738 quodb
738 2658 954 2721 Brabandia⁰
976 2658 1141 2721 oriundus
1168 2657 1282 2741 patria
1304 2661 1340 2720 et

177 2774 204 2814 n
223 2747 315 2829 apud
339 2744 518 2810 Coloniam
548 2747 585 2810 in
615 2745 760 2811 eeclesia
789 2747 883 2811 beati
912 2747 1008 2810 Petri
1038 2768 1059 2810 a
1089 2749 1236 2830 cognato
1267 2766 1337 2823 suo,

222 2835 280 2917 qui
305 2834 414 2898 soolas
436 2836 589 2919 regebat,
618 2837 785 2900 educatus
816 2857 836 2898 a
868 2857 982 2919 puero,
1014 2838 1133 2918 postea
1157 2839 1273 2899 autem
1303 2835 1339 2897 in

222 2923 502 3006 Babenbergensi
535 2924 679 2987 ecelesia
709 2925 893 2988 eanonicus
923 2925 1048 2998 factus,
1084 2927 1232 3006 cognato
1267 2944 1337 3001 su0,

222 3033 323 3094 quem
350 3013 536 3094 plurimum
565 3013 742 3088 dilexerat,
772 3011 935 3077 Coloniae
959 3012 1135 3083 defuneto,
1166 3015 1338 3096 superstes

221 3100 258 3162 in
289 3099 405 3163 seoulo
436 3121 509 3163 esse
541 3103 773 3178 contemnens,
808 3101 846 3163 in
877 3096 1139 3182 Sigebergensi‘l
1174 3101 1338 3164 coenobio

177 3217 204 3257 so
222 3191 428 3252 monaahum
452 3189 625 3272 professus
648 3190 866 3254 renunciavit
881 3190 1006 3266 seculo,
1032 3211 1070 3253 ae
1087 3190 1135 3253 sie
1152 3189 1220 3253 loci
1236 3190 1338 3252 huius

222 3299 339 3343 euram
370 3278 558 3362 suscipiens
588 3299 676 3361 pene
708 3299 770 3362 per
799 3278 1063 3362 quadriennium
1089 3281 1169 3342 ante
1192 3282 1338 3342 mortem

221 3368 382 3451 episcopi,
408 3368 542 3431 eunetis
566 3368 690 3449 quibus
715 3368 844 3444 debuit,
869 3370 973 3451 prout
997 3369 1121 3451 potuit,
1153 3366 1339 3449 diligenter

219 3457 383 3521 intendit.
430 3457 476 3519 Et
499 3457 580 3538 quia
604 3457 646 3520 de
670 3457 743 3521 eius
767 3460 877 3521 morte
900 3457 969 3520 iam
994 3477 1029 3520 se
1053 3456 1183 3521 mentio
1205 3454 1336 3531 intulit,

219 3545 289 3608 iam
313 3546 474 3629 deinceps
498 3545 648 3609 breviter
672 3546 714 3610 de
739 3565 779 3608 ea
803 3544 934 3627 aliquid
953 3545 1174 3610 referendum
1189 3545 1337 3608 videtur.

176 3659 202 3702 aa
221 3633 321 3712 Quod
346 3635 508 3698 nimirum
539 3634 569 3696 si
594 3634 704 3697 nostri
735 3637 824 3698 esset
848 3634 992 3708 arbitrii,
1025 3636 1065 3695 ut
1092 3636 1257 3715 tempore,
1288 3633 1338 3696 ita

220 3743 355 3807 quoque
372 3725 486 3787 adhue
503 3726 538 3787 et
553 3723 751 3787 narratione
768 3723 906 3787 differre
922 3721 1099 3786 vellemus.
1123 3722 1205 3784 Fuit
1221 3723 1337 3786 autem

219 3813 301 3875 talis
325 3813 397 3876 eius
422 3813 464 3876 de
488 3814 554 3876 hae
576 3813 649 3876 vita
673 3813 844 3875 discessio.

328 3905 380 3962 25.
415 3901 529 3965 Multo
552 3902 660 3985 igitur
683 3901 739 3964 hio
762 3903 917 3983 tempore
941 3899 1155 3964 solummodo
1184 3919 1334 3970 manens.
1358 3913 1414 3980 (36)

222 3990 482 4069 competentius,
514 3994 554 4053 ut
577 3991 734 4067 eredidit,
767 4010 844 4053 oum
868 3990 973 4054 servis
997 3989 1064 4054 Dei
1086 3989 1248 4052 insistens
1272 4007 1336 4052 ser-

176 4156 684 4211 40a)Sigebergeme;SigeburgumsN1n
723 4162 746 4210 b)
760 4162 886 4207 basma,-
901 4162 968 4210 quiG
1006 4160 1028 4211 ο)
1046 4161 1120 4209 itaG5
1134 4160 1339 4200 BrabantlaSNIE

221 4210 245 4260 d)
259 4211 433 4261 Sigenbergensi
447 4213 507 4261 θεὴ
522 4214 695 4264 Slgenburgensi
710 4215 734 4252 Ν
735 4227 745 4266 ,·
759 4216 917 4266 sigebergensi
931 4216 1050 4254 emandavit
1064 4215 1091 4255 Ε.

222 4340 248 4405 1)
275 4335 474 4401 leobardum,
499 4339 547 4402 qui
570 4339 711 4388 anundum
737 4355 801 4392 ann.
827 4339 985 4403 Iburqensea
1010 4339 1036 4392 d.
1061 4339 1102 4392 29.
1126 4354 1160 4392 m.
1180 4337 1338 4404 Septembris

221 4423 245 4462 a.
261 4411 338 4463 1082.
357 4408 437 4459 abbas
455 4408 597 4460 ordinatus
615 4408 713 4470 fuerat.
789 4409 816 4475 2)
832 4409 915 4459 Initio
934 4411 1003 4460 anni
1021 4410 1099 4464 1085.

274 4533 327 4572 Vita
340 4533 460 4574 Baunonia.
1108 4517 1125 4569 3
