3262 5024
292 459 327 514 30
398 455 500 522 ,VITA
519 453 710 510 BENNONIS
728 455 768 511 ΙΙ.
787 454 961 510 EPISOOPI
980 454 1303 512 OSNABRUGENSIS.

196 644 274 699 1088.
292 639 446 723 precario
470 638 625 702 obtinere
644 660 714 702 non
732 640 857 721 posset,
881 639 915 701 vi
938 638 1027 701 illud
1045 643 1224 703 tueretnr²
1244 645 1279 704 et
1297 641 1409 704 ianuis

293 727 427 804 clausis,
453 748 531 791 cum
550 727 639 789 nihil
657 727 841 791 monachos
857 727 894 789 in
910 726 974 790 tali
991 729 1179 792 certamine
1203 723 1404 794 dedeceretb

293 817 447 894 audacia,
471 816 533 879 ubi
555 816 690 879 iustitia
714 818 750 879 et
773 816 857 879 fides
881 837 942 898 pro
967 817 1015 880 eis
1039 821 1210 900 pugnaret
1233 821 1268 882 et
1287 819 1407 901 pietas.

293 904 338 967 Et
367 905 437 968 iam
467 925 567 968 mane
598 908 799 988 erumpente
828 905 865 967 in
895 905 1018 981 lucem,
1049 906 1242 989 pontificali
1271 912 1408 991 arrepto

292 993 431 1069 baculo,
470 994 583 1057 locum
624 993 811 1077 sepulchri,
851 994 911 1057 ubi
949 1015 1041 1056 nunc
1080 996 1241 1073 cernitur,
1280 997 1440 1079 populos

293 1083 480 1166 aspiciente
513 1083 679 1166 signavit3
716 1103 783 1165 quo
817 1083 912 1146 facto
946 1083 1137 1146 videntium
1174 1085 1305 1148 animos
1338 1106 1408 1148 non

291 1192 411 1254 parum
443 1172 479 1234 in
504 1171 557 1234 sui
579 1171 731 1234 favorem
757 1171 874 1246 erexit,
905 1175 946 1233 ut
977 1171 1049 1234 eius
1079 1173 1129 1235 rei
1155 1173 1225 1236 iam
1249 1176 1408 1255 quodam·

292 1261 393 1324 modo
418 1280 475 1323 eos
499 1259 651 1323 reddidit
675 1262 796 1334 certos,
821 1260 918 1324 cuius
943 1260 1015 1343 ipse
1040 1261 1153 1324 adhuc
1177 1263 1315 1345 penitus
1335 1265 1409 1326 erat

291 1349 455 1412 incertus.
492 1349 664 1411 Adunatis
688 1352 803 1412 autem
827 1349 1052 1432 optimatibus
1076 1351 1112 1412 et
1135 1349 1260 1427 cler-0⁰,
1286 1353 1345 1434 qui
1364 1353 1408 1416 ad

292 1437 524 1520 sepeliendum
552 1438 750 1521 episcopum
774 1438 900 1521 partim
930 1438 1097 1514 accersiti,
1129 1440 1254 1522 partim
1285 1444 1408 1523 sponte
1428 1463 1454 1501 10

292 1529 539 1602 convenerant,
578 1526 702 1590 intimo
747 1527 955 1609 supplicavit
998 1527 1142 1605 affectu,
1188 1532 1229 1591 ut
1272 1533 1408 1592 tantam

291 1615 499 1700 perfidorum
523 1614 743 1678 obstinatiam
775 1615 986 1698 frangerent,
1017 1637 1060 1680 ne
1091 1618 1246 1682 homines
1276 1619 1407 1701 nequis·

292 1703 368 1765 simi
409 1703 446 1765 in
487 1703 555 1767 loci
596 1703 865 1768 destructionem
911 1704 1165 1786 praevalerent,
1213 1707 1330 1770 dicens
1372 1728 1407 1771 se

290 1792 365 1874 ipsa
400 1792 455 1856 die
490 1793 618 1875 absque
654 1793 759 1856 dnbio
793 1811 1006 1854 recessurum
1048 1813 1126 1854 cum
1161 1797 1335 1872 omnibus,
1378 1797 1407 1860 si

291 1879 387 1943 locus
429 1882 609 1945 structoris
649 1882 702 1944 sui
736 1879 912 1943 mansione
948 1884 1095 1955 careret;
1139 1885 1173 1943 et
1216 1884 1280 1944 hoc
1321 1888 1406 1947 tunc
1425 1903 1450 1942 15

291 1969 411 2050 utique
428 1974 550 2053 sponte
567 1970 744 2034 honestius
760 1969 875 2032 facere
891 1971 1015 2052 posset,
1041 1969 1130 2050 quod
1147 1972 1264 2032 tamen
1286 1975 1405 2052 postea

291 2061 380 2122 esset
402 2058 530 2123 invitos
553 2059 739 2122 necessitas
763 2060 934 2120 coactura.
980 2056 1126 2120 Nemine
1148 2060 1264 2120 autem
1287 2079 1404 2122 eorum

291 2148 559 2222 contradicente,
589 2147 649 2210 sed
680 2149 715 2209 et
745 2145 917 2226 aliquibus
948 2146 1053 2208 etiarn
1080 2147 1232 2210 studiose
1256 2169 1405 2212 annuen-

289 2237 384 2300 tibus
407 2235 580 2300 voluntati
610 2234 754 2309 abbatis,
784 2254 873 2296 unus
902 2254 1019 2297 eorum
1049 2231 1405 2317 Liudolphusd·1n0-

290 2325 396 2402 mine,
443 2325 614 2406 dignitate
659 2322 875 2405 praeminens
917 2326 1069 2386 caeteros
1108 2327 1143 2386 et
1181 2324 1311 2406 pietate
1351 2327 1404 2390 de·
1423 2345 1450 2383 20

289 2414 416 2489 votior,
457 2411 652 2475 convocatis
690 2411 873 2485 universis,
913 2432 994 2494 prae
1028 2413 1246 2476 immanitate
1280 2415 1405 2497 flagitii

289 2501 485 2575 infremuit,
533 2502 568 2563 et
612 2499 747 2562 iustitia
792 2520 915 2564 causae
953 2500 1167 2564 iracundiam
1204 2503 1402 2584 instigante,

211 2593 269 2660 (40)
289 2591 467 2674 praefatur
496 2588 532 2651 in
562 2588 655 2652 hunc
685 2590 822 2652 modum
856 2592 906 2653 et:
940 2588 1062 2667 Quid,
1087 2590 1209 2673 inquit,
1237 2591 1359 2674 ‘agitis
1384 2614 1404 2656 o

288 2679 445 2742 infideles
476 2680 511 2741 et
540 2678 639 2760 impii
667 2679 705 2739 in
735 2681 868 2760 patrem
899 2679 1112 2760 spiritualem
1149 2681 1402 2763 dominumque,

288 2770 422 2830 tantam
451 2766 692 2830 crudelitatem
720 2767 975 2829 committentes
1003 2769 1039 2830 et
1065 2767 1233 2846 fraudem,
1262 2773 1297 2832 et
1325 2771 1405 2852 quia
1422 2785 1449 2826 aa

289 2855 420 2918 viventi
450 2875 520 2918 non
549 2854 658 2931 licuit,
691 2857 827 2918 mortuo
857 2855 925 2916 iam
952 2855 1117 2919 infandae
1142 2858 1404 2939 conspirationis

290 2964 411 3006 manus
440 2943 585 3008 inicitisl
622 2942 723 3007 Oerte
753 2943 796 3006 ob
820 2944 930 3008 varias
954 2945 1117 3026 perfidiae
1132 2950 1266 3010 vestrae
1289 2949 1404 3030 nequi·

289 3032 376 3095 tiase
412 3033 547 3116 saepius
577 3032 750 3113 obiurgati
780 3033 822 3095 ab
852 3031 914 3095 illo
944 3053 1036 3096 nunc
1067 3034 1176 3098 vicem
1205 3037 1402 3119 rependitis,

289 3142 382 3185 nnnc
412 3125 448 3186 et
471 3121 671 3204 nequissimi
701 3121 790 3185 servi
820 3124 984 3204 paternae
1015 3124 1239 3206 correptionis
1262 3126 1404 3188 iniurias

289 3210 483 3285 vindicatis,
515 3214 551 3274 et
581 3210 699 3291 quales
730 3230 811 3292 erga
839 3209 954 3271 vivum
985 3211 1132 3289 fueritis,
1165 3214 1206 3276 de
1233 3216 1308 3277 toto
1332 3233 1403 3295 per·
1422 3230 1448 3268 ³0

290 3299 462 3363 versitatis
478 3302 612 3363 vestrae
628 3291 747 3362 fontef
766 3298 916 3380 aperitis.
952 3299 1002 3360 At
1024 3300 1140 3382 plures
1156 3307 1304 3363 vestrum
1331 3321 1403 3382 pro·

289 3387 392 3464 fecto,
418 3388 477 3469 qui
501 3391 604 3451 antea
628 3407 752 3469 genere
777 3391 812 3450 et
835 3386 957 3470 opibus
981 3389 1161 3452 miserrimi
1179 3388 1303 3464 fuistis,
1328 3390 1401 3471 ipse

290 3477 455 3560 provexit,
491 3476 564 3558 ipse
600 3476 739 3538 inclitos
773 3475 867 3550 fecit,
902 3476 976 3559 ipse
1010 3478 1143 3550 ditavit,
1180 3477 1275 3539 euius
1310 3498 1402 3541 nunc

290 3565 464 3630 beneficiis
483 3567 560 3628 ¹tam
585 3565 721 3648 egregie
737 3565 962 3647 respondetis,
986 3567 1026 3627 ut
1042 3566 1253 3648 sepulturam
1269 3567 1403 3648 negetis

290 3657 326 3718 et
349 3655 391 3718 de
415 3654 501 3730 loc0,
525 3675 636 3737 quem,
661 3657 702 3716 ut
723 3654 857 3716 inditiis
881 3655 1000 3716 datum
1024 3653 1191 3734 intelligo
1217 3653 1291 3717 Deo
1312 3677 1403 3719 mon·
1422 3672 1448 3712 aa

291 3747 445 3807 stranteg
472 3743 587 3825 elegit,
619 3745 718 3806 tanto
750 3743 889 3825 pellatis
913 3743 1099 3818 scelestius,
1131 3745 1260 3822 quanto
1285 3744 1403 3807 durius

289 3832 363 3915 ipse
387 3832 533 3915 propriis
556 3831 714 3894 manibus
738 3831 930 3895 construxit
954 3833 988 3894 et
1012 3851 1032 3892 a
1055 3830 1238 3893 saevientis
1264 3833 1403 3898 turbine

290 3921 411 3984 mundi
435 3921 638 3984 fidissimum
662 3920 832 3984 senectuti
856 3918 1073 4001 praeparavit
1089 3917 1231 4000 asylum.
1267 3919 1403 4006 Quippe

291 4013 440 4075 aetatem
463 4010 500 4073 in
524 4009 654 4092 palatio
679 4009 859 4071 educatam
884 4010 919 4070 et
943 4005 1161 4088 amplissimis
1184 4008 1280 4091 prius
1301 4012 1404 4075 hono·

290 4127 313 4182 a)
327 4130 359 4168 ita
370 4130 441 4180 GN1,·
454 4129 591 4169 obtineretur
605 4128 632 4176 S,
647 4128 761 4166 teneretur
773 4126 795 4163 Ε
839 4123 864 4188 bi
877 4126 909 4162 ita
923 4124 1006 4172 snm,
1020 4125 1111 4164 deceret
1125 4126 1144 4163 G
1191 4130 1211 4176 c)
1225 4129 1257 4168 itu
1271 4131 1303 4178 G,·
1317 4131 1404 4170 clericis
1421 4128 1448 4166 40

290 4182 368 4231 snm,
383 4183 409 4229 cf.
419 4183 482 4229 infru
492 4194 517 4230 p.
527 4184 551 4222 37
566 4183 581 4223 l.
590 4181 623 4229 08,
634 4192 658 4228 p.
668 4180 694 4218 39
707 4179 721 4220 l.
731 4179 756 4216 16
802 4175 825 4226 d)
839 4178 977 4227 Iandolphus
990 4189 1062 4218 omncs
1108 4178 1129 4231 e)
1143 4183 1259 4230 nequetias
1274 4184 1293 4221 G
1340 4183 1404 4236 1)οα

290 4235 377 4283 enlm·
392 4237 466 4274 fronte
480 4235 497 4274 S
549 4234 571 4284 g)
584 4235 617 4272 ita
631 4234 662 4280 G;
677 4230 845 4270 demonstrante
858 4231 936 4274 SNIE.

292 4325 318 4390 1)
335 4325 482 4388 Idadolfas
506 4324 648 4375 advocatus
672 4323 787 4388 episcopi
804 4321 942 4372 Baunonia
966 4323 1125 4373 nominatur
1150 4326 1179 4374 in
1197 4325 1291 4376 oborta
1311 4326 1404 4376 ‘Osac-

290 4396 403 4448 brother
420 4393 638 4446 Urkundcutaob'
657 4392 681 4459 I,
703 4393 754 4446 142
772 4409 798 4446 a.
813 4393 865 4445 162
883 4392 962 4457 (idem
975 4395 1044 4457 forte
1056 4395 1085 4444 ia
1097 4393 1199 4447 chartis
1211 4413 1237 4449 a.
1252 4398 1310 4449 163.
1325 4398 1404 4463 188);

289 4469 346 4518 ocri
363 4467 489 4517 similiter
513 4465 581 4515 idem
606 4470 643 4515 ast
667 4467 755 4529 trater
780 4465 902 4515 advocati
919 4465 1074 4516 Everbardi
1097 4467 1126 4516 in
1152 4466 1253 4518 chartis
1272 4483 1405 4520 annorum
1422 4482 1449 4522 45

291 4539 368 4593 1090.
390 4539 467 4600 1091,
486 4534 581 4586 ibidem
597 4553 624 4602 p.
639 4537 720 4590 177⁸.
739 4551 767 4590 a.
781 4537 864 4590 205³.
