3262 5024
392 444 489 498 VITA
506 443 698 499 BENNONIS
716 444 756 502 II.
775 445 948 502 EPISOOPI
966 446 1290 504 OSNABRUGENSIS.
1384 453 1402 505 3

287 628 476 711 cognitioni
499 631 534 692 et
558 628 744 691 amicorum
768 650 822 694 res
841 631 909 693 ista
925 634 978 694 est
994 629 1128 713 perlata
1145 629 1296 693 consilio.
1333 628 1401 707 Qui

287 737 403 779 omnes
427 717 590 780 concordi
613 717 786 781 sententia
808 719 850 782 id
869 739 889 781 a
906 719 1022 782 divina
1047 717 1230 782 clementia
1254 718 1400 801 amplius

285 805 496 888 poscendum
541 805 795 887 instantiusque
841 807 1046 890 exigendum
1085 807 1159 870 fore
1197 806 1399 870 suadebant.

286 894 410 976 Itaque
444 915 482 957 re
517 894 705 957 domestica
740 895 926 959 amicorum
962 895 1134 958 arbitratu
1168 894 1334 977 disposita
1364 897 1399 958 et

250 1003 373 1064 squas
398 983 434 1044 in
457 982 581 1046 itinere
605 986 719 1046 essent
741 984 934 1047 necessaria
962 979 1175 1047 sufficienter
1205 983 1398 1065 assumptio,

284 1071 426 1134 Romam
453 1073 581 1154 petere,
610 1071 844 1154 apostolorum
867 1072 988 1134 limina
1010 1072 1156 1134 invisere
1180 1071 1400 1134 devotissima

286 1161 401 1222 mente
423 1159 633 1222 tractabant.
681 1159 748 1224 Sed
771 1181 815 1224 ne
838 1160 875 1222 iu
899 1163 1085 1244 conspectu
1109 1159 1183 1235 Dei,
1209 1179 1307 1241 quem
1334 1159 1400 1222 sibi

285 1247 358 1310 fore
394 1248 580 1330 propitium
616 1249 771 1329 rogaturi
807 1251 919 1324 erant,
957 1249 1056 1312 vacui
1092 1250 1310 1331 apparerent,
1348 1268 1400 1311 ex·

283 1335 455 1418 teriorque
502 1336 639 1399 devotio
684 1337 856 1401 interioris
899 1337 1104 1400 facillimum
1144 1336 1400 1400 commendaret

239 1449 266 1487 10
284 1423 458 1500 affectum,
494 1424 569 1487 fieri
603 1424 725 1489 iubent
759 1426 861 1488 unius
896 1425 1157 1489 similitudinem
1193 1423 1328 1508 pueruli
1358 1445 1399 1488 ex

284 1515 427 1594 argento
462 1513 655 1596 purissimo,
691 1533 833 1595 eamque
868 1534 930 1596 pro
965 1513 1104 1576 modulo
1139 1533 1201 1575 suo
1236 1511 1399 1595 parvulae

283 1600 489 1683 quantitatis
513 1601 698 1682 imaginem
723 1602 864 1664 artificis
887 1602 1026 1684 iugenio
1044 1601 1230 1682 diligenter
1246 1601 1398 1664 effictam

284 1709 398 1753 secum
430 1689 625 1753 deferentes
650 1688 854 1772 Christoque
885 1693 921 1754 et
951 1689 1116 1773 apostolis
1140 1689 1212 1754 eius
1236 1689 1290 1752 sui
1314 1689 1399 1752 desi·

284 1778 415 1840 derium
440 1778 551 1841 cordis
575 1779 673 1860 signo
696 1777 856 1852 locuturi,
889 1780 915 1841 si
940 1799 1022 1842 voce
1046 1778 1158 1840 minus
1182 1778 1396 1860 proficerent,

238 1891 264 1929 15
282 1866 429 1948 profecti
454 1869 535 1929 sunt
550 1866 704 1929 Romam.
743 1867 811 1929 Ubi
834 1887 894 1950 per
911 1866 1042 1949 aliquot
1059 1867 1130 1930 dies
1147 1870 1397 1930 commorantes

282 1958 317 2018 et
346 1954 423 2019 loca
453 1958 572 2018 sancta
603 1975 644 2018 ex
675 1955 826 2018 fidelium
859 1955 1106 2019 consuetudine
1137 1955 1395 2038 perlustrantes

280 2043 373 2106 iuter
407 2047 543 2107 caetera
581 2044 795 2107 necessitatis
832 2044 1049 2107 incommoda
1086 2044 1123 2106 id
1157 2043 1211 2107 vel
1250 2043 1396 2107 maxime

281 2131 438 2213 flagitare
462 2135 659 2215 coeperunt,
684 2135 854 2215 quatenus
878 2153 935 2196 eos
959 2153 1107 2216 superna
1129 2132 1242 2213 gratia
1264 2134 1396 2215 aposto·

281 2219 393 2283 lorum
424 2241 562 2283 suorum
593 2224 733 2284 exorata
763 2221 936 2304 suffragiis
966 2241 1028 2304 pro
1058 2223 1156 2282 tanto
1187 2220 1315 2282 laboris
1338 2219 1396 2282 im-

232 2334 263 2372 ao
282 2309 407 2392 pendio
420 2309 568 2372 filiorum
583 2310 783 2393 dignaretur
795 2309 1012 2394 susceptione
1025 2309 1145 2384 ditare,
1159 2307 1306 2390 qui1e0s
1319 2307 1396 2371 aliis

282 2399 384 2461 rebus
408 2419 469 2481 pro
493 2419 554 2461 suo
579 2402 673 2461 statu
696 2399 778 2462 satis
795 2402 830 2462 et
855 2399 1025 2481 dignitate
1048 2398 1224 2461 videretur
1251 2397 1394 2474 auxisse,

284 2487 480 2550 conditione
510 2487 650 2569 insuper
676 2487 894 2550 huiusmodil
923 2506 1024 2570 super
1046 2487 1112 2550 hac
1135 2506 1172 2549 re
1196 2489 1317 2568 sponte
1340 2485 1396 2548 ob·

282 2573 363 2650 lata,
395 2577 444 2646 ut,
476 2575 505 2636 si
537 2575 621 2638 haec
646 2574 740 2637 Deus
771 2596 832 2657 pro
856 2595 918 2637 sua
940 2575 1070 2657 pietate
1093 2577 1174 2636 vota
1198 2573 1394 2656 compleret,

282 2663 341 2744 qui
364 2663 494 2745 primus
519 2663 566 2726 eis
590 2666 788 2726 nasceretur
813 2685 854 2727 ex
877 2663 966 2739 filiis,
992 2662 1097 2726 sacris
1113 2683 1191 2725 eum
1210 2661 1337 2724 litteris
1361 2664 1396 2724 et

230 2777 262 2815 as
281 2752 396 2814 officio
432 2751 597 2814 deberent
632 2753 827 2835 mancipare
863 2753 988 2815 divino.
1042 2751 1118 2814 Hac
1152 2750 1260 2832 igitur
1294 2742 1391 2833 piaeb

280 2840 483 2904 intentionis
500 2840 681 2922 sponsione
699 2840 858 2917 devincti,
884 2841 921 2902 in
937 2840 1082 2922 patriam
1100 2842 1301 2913 remeantes,
1327 2859 1396 2901 non

282 2928 391 2990 multo
415 2931 493 3010 post
516 2930 671 3010 tempore
695 2929 804 2990 filiurn
822 2931 1026 3011 genuerunt,
1052 2928 1108 2991 cui
1124 2947 1165 2990 ex
1180 2927 1395 3008 cognationis

282 3015 561 3078 denominatione
595 3016 715 3078 Benno
745 3016 951 3079 vocabulum
982 3036 1054 3079 esse
1078 3015 1272 3080 voluerunt.
1321 3015 1395 3079 Hoc

282 3106 397 3166 autem
433 3104 534 3166 modo
570 3107 765 3186 susceptum
800 3104 1014 3167 infantulum
1049 3107 1149 3167 tanto
1184 3103 1397 3186 diligentiori

231 3218 263 3256 so
282 3211 364 3253 cura
387 3211 427 3254 ac
451 3191 566 3255 studio
590 3192 748 3255 alacriori
771 3195 904 3256 nutrire
928 3196 1125 3276 coeperunt,
1157 3195 1287 3274 quanto
1318 3212 1396 3255 eum

281 3281 351 3342 suis
374 3281 533 3362 precibus
558 3281 698 3364 pietatis
723 3285 899 3346 auctorem
923 3282 1057 3345 dedisse
1081 3280 1277 3346 credebant.

388 3409 416 3466 2.
454 3404 521 3468 Sed
552 3408 587 3468 et
617 3407 708 3468 iuter
739 3406 813 3487 ipsa
843 3409 983 3469 tenerae
1006 3405 1204 3474 rudimenta
1227 3404 1396 3466 infantiae

281 3492 483 3557 incredibile
506 3493 597 3555 forte
622 3497 674 3556 est
698 3493 802 3569 dictu,
828 3497 957 3574 quanta
979 3493 1016 3554 in
1039 3493 1147 3576 ipsius
1165 3492 1256 3555 facie
1272 3491 1397 3576 puerili

281 3581 420 3644 futurae
445 3581 576 3662 gratiae
601 3581 852 3662 quodammodo
877 3581 1028 3663 dignitas
1053 3581 1187 3644 elucere
1218 3580 1394 3662 coepisset,

233 3695 262 3733 aa
282 3675 321 3730 ut
356 3669 473 3732 vultus
509 3668 669 3732 alacritas
705 3669 868 3751 quiddam
903 3669 1078 3733 videretur
1107 3667 1274 3751 spondere
1305 3688 1396 3750 prae·

282 3758 377 3840 sagii,
409 3778 445 3820 se
475 3753 792 3840 gratia‘videlicet,
823 3778 891 3839 qua
920 3757 1036 3819 fuerat
1059 3753 1260 3840 parentibus
1284 3757 1395 3827 datus,

282 3846 325 3908 ad
350 3845 476 3909 altiora
496 3846 702 3928 quandoque
726 3846 846 3909 eadem
864 3848 1008 3909 vocante
1032 3865 1242 3922 scansurum,
1267 3844 1396 3927 siquid

283 3936 407 4010 autem,
439 3937 479 3996 ut
503 3935 545 3998 ab
570 3935 607 3997 id
631 3934 756 3998 aetatis
779 3955 895 4018 puero,
926 3935 1021 3997 iussu
1044 3937 1226 4017 parentum
1249 3933 1396 3996 fortasse

282 4019 404 4084 fuisset
428 4023 610 4104 agendum,
644 4023 847 4106 prudentiae
875 4026 911 4088 et
934 4024 1065 4106 ingenii
1088 4021 1300 4106 praeclarum
1326 4041 1397 4104 spe-

235 4132 265 4170 40
283 4107 393 4170 cimen
428 4110 464 4170 in
497 4112 570 4173 eius
605 4115 721 4194 posset
752 4112 862 4193 quivis
893 4111 1005 4174 verbis
1036 4115 1071 4174 et
1101 4111 1237 4174 actione
1268 4109 1396 4172 mirari.

281 4277 303 4329 a)
317 4279 349 4316 lta
363 4279 395 4328 G,·
408 4278 562 4319 huluscemodl
577 4281 649 4321 snm
700 4282 724 4334 b)
738 4284 789 4333 plac
804 4283 929 4323 devotionis
943 4285 966 4322 et
979 4281 1110 4322 intentionis
1125 4281 1201 4335 sm.

280 4403 308 4470 1)
329 4419 363 4457 sc.
383 4404 456 4456 Deus
473 4404 512 4455 vel
528 4419 646 4469 superna
663 4408 763 4470 pratia.
800 4407 840 4460 W.

1151 4513 1184 4566 1*
