3262 5024
302 441 338 494 28
409 435 506 491 VITA
524 435 716 490 BllNNONIS
735 435 775 489 H.
794 433 968 488 EPISOOPI
985 433 1311 494 OSNABRUGENSIS.

303 619 523 697 stolarentur,
549 620 743 683 exhortans.
779 620 926 684 Peracto
942 621 1058 684 autem
1078 623 1291 684 sacramento
1315 641 1418 704 supra
1616 589 1617 652 l

303 709 388 772 dicti
423 709 487 772 viri
521 707 648 772 reversi
682 708 727 770 ad
757 729 836 772 suos
865 708 980 770 omnia
1011 729 1173 792 prospera
1202 709 1416 792 pollicentes,

303 798 422 861 urbem
446 797 604 862 celeriter
627 795 805 862 obsidione
832 797 983 860 liberant
1014 817 1092 859 cum
1122 798 1280 861 omnibus
1310 820 1417 862 rever·

301 889 416 950 tentes
439 887 476 949 in
500 885 657 969 patriam,
682 887 833 966 graviter
855 889 973 948 tamen
997 885 1039 949 ab
1065 886 1113 949 eis
1131 887 1225 970 prius
1242 887 1306 950 hac
1322 889 1417 950 omni

302 975 442 1058 regione
476 977 621 1038 vastata.
674 973 781 1038 Porro
815 975 853 1037 in
883 975 948 1036 huo
979 974 1158 1052 fidelitate,
1189 995 1291 1057 quam
1314 977 1448 1041 ambos

301 1064 509 1140 iuraverant,
546 1062 606 1127 diu
640 1065 721 1127 ante
754 1063 1033 1128 interfectionem
1067 1063 1186 1126 suaml
1220 1065 1417 1128 marchione

304 1153 494 1226 deficiente,
525 1151 745 1234 episcopuml
777 1152 878 1215 illum
908 1151 1052 1215 firmiter
1081 1173 1189 1234 usque
1219 1153 1322 1217 hodie
1346 1173 1417 1237 per-

302 1261 441 1305 manere
455 1240 648 1315 videmus2;
673 1241 765 1304 unde
782 1241 886 1304 etiam
903 1239 1016 1303 locum
1038 1240 1137 1303 illum
1161 1241 1308 1306 infinitis
1332 1242 1417 1307 cala-

302 1329 482 1393 mitatibus
505 1331 642 1392 constat
666 1348 738 1393 esse
761 1348 970 1412 oppressum.
1007 1326 1107 1406 Quod
1122 1330 1330 1394 venerabilis
1353 1331 1418 1393 viri

302 1418 465 1482 Adeloldi
499 1417 652 1481 eiusdem
686 1416 755 1481 loci
792 1417 980 1500 praepositi
1017 1418 1164 1501 epistola
1198 1420 1266 1482 huc
1301 1419 1417 1482 delata
1437 1447 1463 1485 10

301 1509 460 1584 testatur,
492 1527 595 1589 quam
626 1506 683 1570 hic
713 1507 862 1571 inserere
892 1527 962 1570 non
985 1506 1108 1590 piguit,
1141 1528 1218 1572 cum
1242 1508 1287 1570 sit
1311 1508 1417 1572 etiam

301 1597 376 1678 ipsa
398 1596 566 1678 quaedam
591 1595 695 1658 huius
719 1596 782 1658 viri
805 1595 919 1678 portio
942 1596 1158 1660 meritorum:

226 1688 282 1757 (26)
410 1684 506 1749 ‘Vivo
526 1683 715 1766 exemplari
737 1684 892 1747 iustitiae
910 1685 1049 1748 domino
1069 1706 1130 1748 suo
1146 1684 1335 1750 venerabili
1351 1687 1418 1769 epi-

302 1793 404 1856 scopo
426 1773 584 1838 Bennoui
599 1771 791 1835 Adeloldus
814 1770 926 1834 fidelis
945 1793 1027 1834 suus
1051 1774 1214 1854 quioquid
1237 1775 1417 1855 utriusque

301 1862 449 1926 hominis
480 1861 699 1926 devotissima
728 1859 822 1923 valet
848 1859 1007 1922 servitus.
1061 1860 1171 1922 Parva
1201 1861 1415 1936 munuscula,
1437 1889 1461 1927 ι(

301 1971 388 2033 quae
411 1954 493 2014 tuae
517 1949 720 2034 paternitati
744 1949 855 2026 mitto,
880 1951 920 2010 ut
944 1947 1128 2030 dignanter
1151 1947 1298 2029 accipias
1321 1968 1414 2030 rogo,

301 2043 337 2104 ct
360 2060 447 2122 quae
471 2060 576 2122 parva
600 2059 705 2101 manu
725 2037 843 2111 offero,
868 2036 970 2120 pleno
987 2037 1088 2099 corde
1104 2035 1207 2099 offert
1223 2035 1288 2099 tibi
1304 2035 1415 2100 fidelis

213 2153 216 2158 ·
301 2129 354 2191 tui
378 2129 525 2192 devotio.
569 2126 691 2190 Certus
715 2131 831 2189 autem
856 2126 897 2188 de
921 2126 957 2188 te
982 2124 1119 2187 domino
1144 2129 1179 2188 et
1202 2127 1310 2208 patre,
1336 2125 1416 2206 quia

302 2218 517 2299 congaudere
556 2219 592 2279 et
631 2214 781 2297 compati
816 2213 891 2276 loco
926 2215 1066 2276 sanctae
1101 2213 1242 2290 Mariae,
1282 2214 1337 2277 cui
1376 2217 1416 2276 tu

302 2306 471 2389 quondam
501 2303 685 2387 praefuisti
712 2308 747 2366 et
774 2301 910 2365 servisti
931 2301 1156 2384 praepositus,
1185 2302 1299 2366 animo
1323 2323 1416 2385 prae·
1435 2331 1461 2368 20

301 2393 476 2475 scripsisti,
513 2392 655 2455 adversa
690 2394 725 2453 et
759 2409 922 2474 prospera
954 2393 1092 2455 nostrae
1128 2391 1415 2474 congregationis

300 2501 387 2564 quae
410 2481 503 2542 intra
525 2500 652 2563 paucos
677 2479 750 2544 dies
772 2479 864 2543 iusto
881 2479 947 2543 Dei
966 2479 1094 2544 iudicio
1118 2501 1180 2544 nos
1204 2500 1331 2562 passos¹
1344 2500 1416 2544 esse

301 2570 546 2653 cognoscimus,
571 2569 608 2630 in
632 2569 696 2632 hac
721 2569 891 2633 brevitate
914 2568 1080 2652 epistolae
1095 2569 1162 2633 tibi
1180 2570 1416 2632 transmittere

300 2659 529 2724 necessarium
549 2658 640 2720 duxi.
681 2657 810 2722 Civitas
834 2661 953 2721 nostra
977 2657 1189 2721 circumdata
1213 2660 1264 2720 est
1288 2658 1331 2720 ab
1355 2657 1416 2719 ini-

301 2747 412 2818 micis;
431 2747 571 2828 praedia
587 2749 726 2810 sanctae
739 2746 869 2808 Mariae
885 2746 1007 2827 rapina
1023 2746 1188 2808 continua
1204 2745 1416 2828 consumpsit
1435 2771 1461 2810 as

301 2839 336 2900 et
359 2835 464 2918 ignis,
498 2854 622 2916 magna
651 2835 737 2898 haec
761 2838 876 2897 essent
900 2838 935 2896 et
958 2833 1200 2910 intolerabilia,
1233 2833 1300 2895 nisi
1323 2833 1415 2914 quod

301 2924 433 2987 minora
463 2923 709 3007 cognoscimus
746 2943 848 3005 quam
882 2921 1077 3004 iniquita-tis
1107 2925 1244 2984 nostrae
1275 2921 1415 3004 exigant

299 3013 464 3076 iustitiae.
510 3013 620 3075 Positi
643 3015 760 3076 autem
783 3011 820 3073 in
843 3011 994 3074 adversis
1018 3012 1062 3074 ad
1085 3010 1275 3074 orationem
1300 3011 1416 3074 confu-

299 3102 412 3184 gimus
442 3103 649 3178 sanctorum,
682 3103 718 3165 et
747 3103 897 3182 quantae
928 3103 1041 3164 essent
1070 3099 1106 3161 in
1131 3099 1275 3163 ecclesia
1298 3102 1416 3162 nostra

300 3191 476 3273 reliquiae,
502 3190 688 3271 diligenter
710 3187 1003 3270 investigavimus.
1051 3188 1275 3252 Providentia
1299 3189 1417 3251 divina
1435 3214 1460 3254 ao

300 3300 426 3343 novum
442 3278 540 3341 uobis
557 3281 593 3342 et
608 3276 800 3340 notandum
816 3276 969 3339 ostendit
988 3277 1209 3340 miraculum:
1234 3298 1314 3340 uam
1338 3297 1416 3339 cum

300 3370 343 3430 ad
369 3387 490 3450 corpus
514 3367 626 3429 sancti
641 3365 828 3448 Epiphanii
843 3364 1008 3437 venimus,
1033 3367 1235 3448 sanguinem
1252 3366 1294 3428 de
1318 3365 1415 3428 siccis

300 3455 433 3518 ossibus
450 3455 522 3518 eius
538 3455 630 3518 exire
646 3455 805 3517 vidimus.
835 3453 918 3536 Ego,
939 3454 999 3536 qui
1014 3455 1085 3518 vidi
1102 3459 1137 3518 et
1160 3455 1196 3517 in
1221 3475 1323 3516 manu
1340 3473 1416 3517 mea

299 3544 406 3620 tenui,
432 3564 509 3608 cum
534 3542 610 3607 aliis
635 3543 807 3607 canonicis
831 3545 969 3606 nostrae
994 3543 1158 3608 ecclesiae
1179 3542 1414 3607 testimonium

300 3632 486 3716 perhibeo'.
1436 3656 1461 3696 us

408 3722 474 3786 Sed
497 3741 570 3798 noa
596 3721 678 3783 dum
696 3721 731 3783 in
750 3721 852 3784 huius
869 3723 977 3804 patris
993 3722 1102 3784 nostri
1119 3739 1233 3782 amore
1249 3717 1413 3793 fallimur,

301 3811 438 3894 singula
462 3811 504 3874 de
528 3830 568 3874 eo
591 3811 720 3873 referre
745 3810 923 3893 cupientes
947 3810 1086 3872 modum
1111 3806 1290 3870 brevitatis
1307 3825 1416 3868 exces-

300 3899 416 3975 simus,
448 3901 513 3963 hoc
544 3898 768 3975 solummodo,
805 3900 833 3962 si
863 3917 1048 3982 possemus,
1085 3915 1203 3958 cavere
1239 3894 1414 3971 debentes,

300 4009 344 4053 ne
368 3994 429 4052 aut
451 3988 590 4071 ineptae
615 3987 794 4052 brevitatis
825 3985 1027 4069 compendio
1056 3986 1195 4048 nostrae
1224 3984 1416 4048 devotionis

300 4181 322 4226 a)
336 4177 437 4218 Udonem
451 4179 579 4228 episcopum
593 4178 672 4217 SNIE.
1436 4188 1462 4226 40

302 4336 328 4405 1)
354 4337 482 4390 Eclectus
506 4337 625 4389 marchio
648 4335 793 4387 Misueusic
818 4335 971 4399 interfectus
990 4339 1026 4386 est
1051 4337 1075 4390 3.
1101 4337 1127 4389 d.
1152 4351 1186 4391 m,
1205 4335 1272 4386 Iulii
1293 4350 1318 4387 a.
1340 4333 1416 4387 1090.

300 4409 327 4476 2)
345 4408 471 4460 Mortuus
489 4415 525 4460 est
543 4409 646 4460 demum
665 4423 690 4460 a.
706 4408 782 4460 1114.
