3262 5024
157 425 165 448 ·
222 424 256 476 10
328 420 425 475 VITA
444 417 635 473 BENNONIS
653 419 693 475 11.
712 418 885 474 EPISOOPI
904 419 1227 478 OSNABRUGENSIS.

222 603 272 666 rei
295 603 476 666 veritatem
509 604 612 684 prout
635 602 792 666 novimus
823 606 1029 685 exequentes
1053 624 1093 666 eo
1115 604 1337 682 intendimus,

222 695 271 766 ut,
297 712 364 772 quo
394 692 467 775 ipse
499 691 722 773 perfectionis
753 691 865 754 minus
896 691 1056 755 habuisse
1088 693 1287 770 dinoscitur,
1320 717 1340 758 a

223 780 418 862 legentibus
454 781 539 843 haec
574 800 636 862 pro
672 800 711 843 eo
746 781 934 842 studiosius
969 784 1094 844 oretur.
1145 782 1218 846 Nec
1249 785 1340 846 enim

221 869 392 932 imitanda
415 869 471 932 hic
495 869 634 932 videtur
659 870 874 950 quorundam
899 870 1007 951 magis
1031 871 1214 934 temeraria
1237 892 1339 953 quani

222 957 384 1040 religiosa
422 958 620 1032 assentatio,
661 958 720 1039 qui
758 959 793 1019 in
834 978 966 1034 eorum,
1007 978 1090 1039 quos
1130 959 1370 1036 describunts

223 1047 464 1109 tantummodo
488 1047 591 1108 laude
614 1048 796 1109 versantur
819 1050 854 1109 et
877 1068 947 1109 non
977 1050 1063 1122 tam,
1089 1047 1171 1129 quid
1196 1050 1338 1130 egerint,

224 1135 404 1198 attendere
435 1136 604 1210 videntur,
636 1154 738 1215 quam
770 1135 852 1216 quid
881 1136 990 1216 egisse
1019 1135 1211 1210 debuerint,
1244 1139 1341 1219 quasi

224 1245 290 1286 nou
328 1245 424 1286 sacra
459 1223 630 1304 scriptura
664 1243 813 1285 summos
848 1223 938 1285 viros
974 1227 1009 1285 01
1040 1223 1113 1286 Deo
1149 1225 1341 1288 carissimos

223 1311 392 1374 nonnulla
403 1310 687 1394 reprehensibilia
704 1310 912 1374 commisisse
929 1311 1191 1376 demonstraret.
1216 1314 1340 1396 Itaque

224 1421 294 1462 non
324 1420 401 1462 eum
431 1400 543 1463 verbis
567 1400 782 1462 sanctificare
807 1400 1055 1475 contendimus,
1087 1403 1180 1482 quod
1206 1403 1340 1465 utinam
1360 1426 1385 1463 10

225 1489 359 1552 actibus
383 1489 456 1571 ipse
479 1489 635 1563 fecisset;
668 1489 727 1551 sed
758 1488 831 1551 eius
861 1489 968 1550 vitam
999 1489 1072 1552 sine
1095 1490 1176 1553 fuco
1201 1495 1342 1573 propter

226 1599 329 1660 supra
362 1578 491 1640 dictam
526 1598 663 1640 causam
699 1578 827 1658 absque
863 1578 1063 1659 exceptione
1100 1580 1340 1661 depromimus.

226 1667 263 1729 Si
298 1668 388 1729 enim
424 1670 563 1728 actuum
599 1685 735 1728 suorum
773 1666 865 1728 omni
904 1686 1042 1748 prorsus
1079 1667 1341 1751 imperfectione

226 1755 400 1826 caruisset,
436 1774 652 1836 nequaquam
683 1755 714 1816 ei
742 1754 898 1836 profecto
930 1775 950 1816 a
980 1775 1152 1837 quoquam
1184 1757 1341 1839 flagitare

227 1843 428 1907 deberemus
452 1843 617 1906 orationis
642 1842 855 1924 suffragium,
881 1844 941 1906 sed
966 1864 1145 1908 commune
1170 1867 1247 1908 cum
1265 1845 1341 1907 aliis
1361 1866 1385 1904 15

227 1933 354 1994 sanctis
379 1932 516 1994 debitae
532 1931 783 1995 venerationisa
811 1932 1028 2013 obsequium;
1054 1954 1117 1996 neo
1142 1934 1339 2009 0011001110,

226 2023 266 2082 ut
297 2041 357 2102 pro
387 2021 462 2103 ipso
494 2023 641 2096 orarent,
679 2023 768 2083 esset
799 2021 1100 2097 commendandus
1137 2024 1196 2086 sed
1227 2023 1341 2105 potius

226 2111 309 2192 ipse,
334 2112 374 2172 ut
398 2130 459 2191 pro
485 2110 561 2172 aliis
591 2111 714 2185 oraret,
747 2110 949 2172 exorandus.
998 2110 1074 2172 Hac
1104 2111 1213 2194 igitur
1237 2112 1278 2175 de
1303 2131 1342 2174 eo

228 2199 377 2262 breviter
408 2199 562 2262 oratione
586 2198 724 2273 inserta,
757 2196 801 2259 ad
825 2200 916 2279 quod
940 2200 1124 2281 coepimus,
1153 2201 1342 2262 redeamus.

150 2337 206 2401 (11)
336 2329 365 2386 9.
410 2323 492 2384 Fuit
529 2323 647 2403 itaque
686 2322 779 2403 apud
817 2321 1007 2385 Henricum
1047 2323 1160 2385 adhuc
1199 2343 1342 2405 puerum
1362 2344 1388 2382 1ο

228 2414 387 2494 quartum
427 2412 530 2472 huius
568 2409 716 2473 nominis
757 2429 872 2492 regem
911 2411 1133 2474 vehementer
1171 2414 1341 2494 acceptus,

228 2501 369 2581 eiusque
392 2520 480 2582 pene
505 2499 647 2563 arbitrio
671 2498 763 2560 infra
786 2499 958 2581 palacium
982 2503 1108 2562 cuncta
1124 2501 1342 2582 gerebantur,

228 2590 286 2652 sed
312 2592 346 2652 et
370 2589 593 2671 popularibus
617 2588 728 2651 turbis
751 2608 821 2650 non
845 2589 986 2651 minoris
1010 2594 1062 2651 est
1086 2589 1235 2662 habitus,
1262 2589 1342 2650 dum

228 2678 293 2741 sibi
329 2678 371 2741 ab
401 2677 463 2740 illo
495 2677 605 2758 quivis
636 2679 789 2757 speraret
819 2676 874 2738 vel
905 2677 941 2737 in
965 2677 1067 2758 culpa
1090 2677 1342 2758 indulgentiam

227 2766 282 2830 vel
305 2767 342 2827 111
372 2765 576 2826 necessitate
608 2763 808 2824 subsidium.
857 2763 1014 2842 Denique
1038 2762 1141 2826 villae
1166 2763 1343 2826 Goslariae
1362 2782 1389 2822 11

229 2853 359 2935 duplici
382 2854 555 2934 potestate
576 2849 760 2933 praelatus,
785 2870 863 2925 una,
889 2870 956 2931 qua
975 2850 1207 2914 ecclesiastica
1230 2854 1343 2914 aucto-

227 2945 331 3005 ritate
355 2940 532 3023 synodalia
557 2938 784 3014 examinabat,
810 2938 929 3014 altera,
955 2959 1022 3020 qua
1045 2940 1140 3022 regia
1163 2940 1343 3004 maiestate

228 3029 376 3112 publicis
400 3029 548 3112 negotiis
573 3027 799 3111 praesidebat,
829 3027 1007 3091 multoties
1030 3029 1066 3090 in
1092 3029 1194 3111 culpa
1216 3049 1286 3090 una
1309 3031 1344 3092 et
1401 3049 1420 3058 ·’

229 3119 271 3181 ab
303 3119 421 3181 eadem
452 3138 597 3199 persona
625 3115 756 3198 duplici
787 3116 906 3179 debuit
937 3117 1173 3180 satisfactione
1204 3117 1343 3200 placari,

229 3208 311 3270 dum
335 3226 422 3288 quae
446 3206 513 3268 Dei
543 3207 641 3268 erant
663 3204 717 3266 illi
740 3204 942 3280 reddebant,
974 3206 1132 3287 idemque
1161 3206 1234 3289 ipse
1257 3226 1344 3288 quae
1364 3225 1390 3264 11

229 3296 375 3359 00000110
405 3295 525 3358 erant1
555 3314 617 3376 pro
648 3293 827 3356 commissa
858 3314 940 3356 cura
964 3294 1160 3376 dispensare
1185 3295 1343 3358 debebat.

228 3384 412 3447 Praeterea
428 3389 543 3446 autem
560 3382 770 3446 architectus
786 3384 1000 3465 praecipuus,
1018 3385 1218 3446 cementarii
1234 3385 1344 3466 operis

229 3473 471 3537 solertissimus
497 3474 572 3536 erat
596 3471 789 3553 dispositor,
815 3491 882 3553 qua
906 3472 1011 3535 etiam
1036 3491 1077 3535 ex
1100 3493 1136 3536 re
1152 3473 1227 3556 regi
1243 3493 1344 3556 supra

230 3562 323 3626 dioto
357 3560 581 3644 inseparabili
615 3580 748 3642 semper
782 3560 852 3622 fuit
881 3560 1120 3624 familiaritate
1154 3560 1344 3625 devinctus.

228 3651 304 3714 Iam
334 3653 408 3712 tum
441 3650 531 3714 enim
562 3649 722 3712 Saxonici
752 3649 844 3723 belli,
881 3649 972 3731 quod
1003 3651 1116 3712 adhue
1146 3651 1215 3712 iam
1244 3653 1345 3712 tanto
1364 3666 1389 3706 11

228 3743 383 3822 tempore
400 3741 565 3801 mundum
585 3737 741 3801 demoliri
757 3738 975 3820 ingemimus,
993 3740 1132 3802 exordia
1148 3731 1340 3822 pullulareb

230 3831 427 3911 coeperunt.
463 3826 563 3904 Quod
586 3847 646 3890 rex
667 3826 728 3889 ille
752 3848 821 3890 non
844 3827 1006 3910 ignorans
1029 3831 1139 3890 totam
1163 3827 1345 3890 Saxoniam

231 3916 381 3980 castellis
411 3916 508 3978 noris
537 3918 572 3977 et
599 3915 705 3976 firmis
729 3915 843 3999 coepit
867 3917 1019 3978 munire⁰
1049 3917 1345 3997 defectionemque

230 4006 437 4089 perfidorum
462 4003 651 4086 anticipare
674 4005 836 4066 tentabat
860 4003 1052 4068 munitione
1075 4009 1260 4081 terrarum.;
1290 4003 1346 4067 cui

230 4193 253 4244 0)
266 4193 395 4242 impendere
409 4195 460 4236 add,
474 4194 547 4232 SNIE
609 4191 632 4245 b)
646 4193 760 4242 pullursre
774 4193 793 4230 G
843 4193 910 4245 0)1·10
925 4193 1008 4243 SNIE;
1022 4195 1108 4234 munire
1122 4195 1197 4244 coepit
1209 4195 1235 4248 G,
1249 4195 1307 4244 quod
1321 4193 1347 4231 ob
1365 4188 1391 4227 40

230 4249 296 4296 locem
310 4248 392 4296 rhylmr'
405 4248 534 4286 reiciendum
549 4251 586 4288 est.

232 4391 258 4458 1)
276 4390 317 4455 Cf.
337 4388 434 4446 1101111,
453 4391 496 4454 22,
516 4391 558 4443 21.
