3262 5024
403 467 499 522 VITA
518 467 712 522 BENNONIS
730 469 770 524 H.
790 466 965 522 EPISOOPI
984 465 1307 524 OSNABRUGENSIS,
1381 471 1415 524 15

297 651 427 715 servitii
450 651 661 715 exhibitione
693 652 864 734 dignetur.
911 651 1007 714 Tunc
1035 650 1140 714 etiam
1163 671 1223 733 per
1246 652 1411 733 quasdam
1433 665 1489 732 (15)

295 741 405 804 invias
421 740 576 823 paludes,
601 761 745 822 quarum
762 741 799 803 in.
822 741 876 802 his
899 739 1097 823 regionibus
1113 738 1296 822 pleraeque
1321 743 1410 815 sunt,

296 829 402 892 siccas
434 832 470 892 et
501 833 664 910 aequatas
693 829 939 892 itinerantibus
962 829 1035 891 vias
1058 829 1181 892 iecisse
1205 829 1410 905 dinoscitur;

296 920 386 999 quod
411 939 489 981 cum
512 917 550 979 in
573 917 702 994 multis,
725 921 802 980 tum
826 917 1018 981 evidentius
1042 916 1078 978 in
1098 917 1173 980 loco
1190 917 1249 998 qui
1265 917 1412 980 Witten-

264 1025 277 1064 s
295 1006 390 1070 uelt1
410 1004 607 1088 appellatur
624 1009 777 1089 apparet,
802 1007 863 1070 ubi
878 1008 936 1068 vix
954 1007 991 1068 in
1008 1007 1139 1069 aestate
1155 1007 1250 1088 prius
1265 1006 1411 1069 transire

295 1094 515 1158 volentibus⁸
547 1095 615 1157 iter
645 1115 717 1158 esse
748 1095 873 1178 potuit.
922 1094 989 1157 Sed
1019 1094 1092 1176 ipse
1115 1094 1165 1157 ibi
1188 1093 1334 1157 collecta
1357 1115 1412 1176 po-

296 1183 371 1265 puli
408 1183 543 1264 ingenti
579 1183 806 1247 multitudine
844 1183 955 1246 multo
989 1185 1143 1265 tempore
1179 1176 1320 1246 sedensb
1362 1183 1412 1245 ita

296 1270 539 1355 permeabilem
570 1271 704 1335 duabus
735 1271 938 1336 altrinsecus
967 1274 1088 1334 contra
1111 1291 1146 1334 se
1169 1271 1270 1334 fossis
1294 1271 1412 1335 eiectis

295 1361 442 1423 eundem
465 1360 618 1423 reddidit
641 1360 765 1438 locum,
796 1365 837 1423 ut
864 1362 968 1424 etiam
993 1360 1157 1423 hiberno⁰
1185 1359 1235 1422 ibi
1257 1364 1412 1443 tempore

252 1470 277 1509 ro
295 1449 454 1512 omnibus
478 1450 626 1512 transire
651 1450 697 1511 sit
718 1449 833 1512 facile.

404 1576 455 1632 13.
491 1572 559 1634 Sed
583 1572 652 1634 iam
675 1575 812 1654 tempus
836 1570 1011 1654 postulare
1034 1572 1182 1646 videtur,
1206 1575 1247 1634 ut
1271 1572 1313 1634 de
1337 1571 1412 1635 loco
1433 1583 1488 1650 (16)

294 1661 360 1722 hoc
385 1663 420 1723 et
443 1663 581 1724 nostrae
606 1661 882 1743 congregationis
911 1660 1013 1723 initio
1043 1659 1174 1742 aliquid
1205 1665 1239 1723 et
1263 1660 1413 1723 breviter

295 1748 424 1813 referre
455 1749 650 1812 debeamus.
697 1749 853 1812 Mentem
883 1749 991 1832 igitur
1020 1748 1125 1811 istum
1157 1749 1307 1830 antiquis
1329 1751 1412 1812 tem·

295 1836 434 1919 poribus
466 1838 694 1901 munitissime
724 1838 831 1902 fuisse
862 1840 1098 1901 constructum
1129 1840 1164 1901 et
1195 1837 1342 1920 egregiis
1366 1858 1412 1900 se·

251 1947 276 1987 15
295 1925 395 1989 dibus
425 1926 642 2002 adornatum,
674 1927 824 2009 plurima
852 1927 982 1989 indicia
1011 1926 1234 1989 manifestum
1262 1946 1334 1989 esse
1359 1926 1412 1989 de-

294 2014 438 2078 clarant.
492 2014 591 2078 Licet
622 2015 713 2078 enim
742 2015 816 2098 ipse
847 2015 961 2077 adhuc
991 2014 1081 2078 valle
1110 2014 1241 2096 triplici
1272 2015 1412 2078 circum-

294 2096 418 2166 datus‘1
438 2102 556 2166 multis
581 2103 812 2167 subterraneis
836 2103 1010 2178 aedificiis,
1035 2123 1122 2185 quae
1146 2103 1300 2185 quotidie
1325 2124 1411 2185 pene

294 2194 472 2269 eruuntur,
488 2192 541 2256 'de
565 2213 601 2255 se
625 2193 728 2254 huius
750 2193 802 2254 rei
826 2193 958 2255 certum
982 2192 1217 2254 testimonium
1243 2192 1325 2254 dare
1345 2192 1412 2254 suf-

294 2280 421 2357 ficiat⁰,
439 2283 583 2363 possunt
595 2284 713 2344 tamen
726 2283 761 2344 et
775 2281 839 2344 hoc
853 2281 1012 2344 attestari
1027 2280 1153 2342 litteris
1167 2281 1413 2362 comprehensa

249 2391 275 2430 so
293 2373 391 2451 gesta
415 2369 613 2446 multorum,
638 2390 726 2451 quae
749 2369 841 2432 inter
858 2369 1006 2452 plurima
1021 2368 1125 2431 huius
1141 2368 1300 2450 regionis,
1325 2389 1411 2450 quae

294 2459 361 2520 huc
385 2477 493 2538 usque
518 2459 695 2521 destructa
717 2458 882 2533 videmus,
915 2456 1058 2520 castella
1081 2459 1302 2539 antiquorum
1325 2458 1410 2520 haec

294 2545 362 2607 tria
392 2546 577 2629 praecipua
608 2550 642 2609 et
673 2547 901 2610 eminentiora
927 2546 1034 2609 fuisse
1059 2546 1219 2608 concordi
1241 2545 1410 2609 relatione

294 2635 525 2697 contendunt:
558 2627 818 2716 Heresburgf·²
840 2633 1003 2698 videlicet
1032 2633 1069 2695 in
1093 2633 1260 2696 Saxoniae
1288 2633 1411 2696 Hesso·
1460 2653 1464 2670 ³

292 2743 443 2805 numque
460 2722 564 2785 situm
578 2722 735 2800 confinia,
754 2721 958 2805 Sigeburgss·
970 2722 982 2759 ³
996 2743 1130 2804 quoque
1143 2742 1245 2805 super
1256 2714 1407 2784 [turamll

248 2832 274 2874 rs
292 2811 435 2874 fluvium
455 2812 606 2894 positum
622 2813 657 2874 et
675 2813 739 2874 hoc
755 2814 910 2875 nostrum
927 2803 1069 2894 murgi,
1088 2811 1179 2893 quod
1198 2831 1239 2874 ex
1261 2810 1410 2874 iocando

293 2901 362 2963 situ
384 2904 555 2964 terrarum
578 2901 755 2983 egregium
777 2901 894 2976 fuisse,
925 2894 1054 2963 nemok
1079 2900 1138 2982 qui
1167 2900 1313 2963 dubitet.
1359 2898 1410 2962 llo

294 2991 411 3051 autem
422 2991 587 3070 tempore,
601 3008 668 3068 quo
683 2987 825 3050 Carolus
841 2982 1000 3050 inolitusl
1019 2991 1054 3050 et
1066 3008 1211 3070 magnus
1223 2989 1410 3071 imperator

294 3076 397 3137 huius
420 3079 533 3138 terrae
557 3076 712 3138 homines
736 3076 928 3158 paganismi
952 3076 1123 3140 erroribus
1147 3097 1265 3140 eruere
1290 3080 1325 3140 et
1348 3097 1409 3140 suo

295 3163 446 3226 dominio
470 3163 654 3248 subiugare
679 3164 814 3228 diutino
837 3165 1023 3228 certamine
1040 3168 1075 3228 et
1092 3165 1223 3247 magnis
1240 3164 1409 3229 bellorum

250 3274 275 3313 ao
293 3252 576 3335 apparatioribus
615 3252 788 3316 laborasse
828 3253 1048 3330 describitur,
1090 3253 1312 3316 Widikindus
1350 3274 1410 3316 rex

293 3341 475 3418 Saxonum,
500 3342 553 3405 vir
576 3343 691 3418 animi,
717 3347 757 3404 ut
781 3341 918 3418 dicitur,
944 3346 979 3405 et
1003 3343 1153 3426 corporis
1169 3343 1298 3405 viribus
1322 3361 1409 3425 pene

292 3430 449 3494 homines
481 3431 658 3507 excedens,
692 3430 842 3513 plurima
875 3451 952 3493 eum
978 3431 1117 3494 Francis
1148 3451 1189 3494 ex
1219 3433 1283 3495 hac
1313 3431 1408 3506 urbe,

293 3518 390 3582 arrius
420 3522 505 3582 tunc
537 3520 696 3581 dominus
725 3519 804 3593 fuit,
840 3519 971 3600 praelia
1007 3519 1214 3582 commisisse
1248 3520 1408 3583 refertur.

293 3606 361 3670 Sed
395 3627 476 3689 rege
511 3608 575 3669 hoc
608 3607 743 3670 devicto
773 3609 916 3688 totaque
947 3607 1096 3670 Saxonis
1125 3609 1161 3669 in
1192 3608 1292 3670 fidem
1325 3607 1410 3670 chri-

247 3716 274 3756 u
293 3695 440 3758 stianam
457 3698 493 3757 et
509 3695 751 3759 deditionemm
768 3695 979 3758 Francorum
993 3696 1144 3769 redacta
1168 3715 1245 3758 cum
1268 3696 1409 3778 impera·

292 3785 360 3846 tori
384 3805 488 3867 supra
512 3784 605 3846 dicto
628 3784 793 3865 regnique
816 3783 1019 3866 primatibus
1035 3783 1209 3847 communi
1224 3783 1409 3866 placuisset

293 3919 315 3968 a)
328 3921 389 3968 prius
399 3925 451 3970 poet
465 3921 591 3960 volentibus
605 3921 681 3969 repetit
695 3920 714 3957 G‘
760 3920 782 3968 b)
797 3921 909 3960 laboribus
923 3921 1042 3969 invigilans
1056 3922 1108 3960 add.
1124 3922 1196 3960 SNIE
1240 3923 1260 3968 c)
1275 3922 1376 3971 hyberno
1390 3922 1409 3959 G

294 3969 317 4018 d)
331 3972 471 4013 circundatus
486 3975 505 4011 G
569 3973 590 4026 e)
604 3973 719 4012 sufficiunt
734 3984 817 4020 omuea;
837 3975 948 4012 emerrdaet
962 3985 1012 4023 eyo,·
1033 3976 1056 4012 r‘n
1074 3976 1181 4013 coercitus
1195 3975 1332 4023 interpolatis
1342 3986 1409 4023 prae-

294 4025 388 4063 redemta
402 4027 572 4075 uertaprorsus
586 4028 764 4066 immutaturum
811 4027 829 4077 f)
843 4029 875 4064 tta
889 4027 944 4075 GR·
958 4029 1102 4076 Heresburgh
1117 4029 1151 4066 Iu
1196 4027 1219 4077 g)
1232 4029 1264 4065 tta
1278 4027 1335 4076 GN,·
1348 4026 1409 4077 Sige-

249 4072 277 4110 40
294 4077 366 4124 burgh
380 4079 414 4115 It]
472 4081 496 4127 h)
510 4081 590 4120 Rluam
606 4092 684 4132 omnes,
698 4091 756 4120 corr.
771 4081 854 4119 Ruram
868 4080 907 4118 NI
969 4082 985 4130 i)
1000 4082 1032 4118 tta
1046 4082 1121 4128 GNE‚·
1135 4081 1248 4129 Iburghl
1306 4081 1329 4132 k)
1344 4083 1410 4123 ttaG

295 4133 313 4167 et
326 4129 409 4175 1t'rtm.,·
423 4136 457 4170 est
471 4134 521 4176 add.
536 4133 611 4176 SNIE.
667 4135 683 4182 l)
696 4135 792 4184 inclytus
808 4135 827 4174 G
880 4133 911 4184 m)
925 4134 957 4171 tta
973 4135 1005 4182 G;
1019 4135 1125 4173 ditionem
1139 4134 1216 4175 SNIE.

296 4254 322 4318 1)
344 4253 419 4304 Situs
437 4255 507 4304 iuter
525 4258 593 4308 eicos
611 4259 713 4323 Eupter
732 4263 756 4308 et
773 4257 876 4309 Vdrdeu
901 4259 931 4308 iu
954 4259 1128 4323 praefectura
1146 4259 1346 4319 Berseubru'clr,·
1372 4260 1408 4322 cf.

294 4324 491 4376 ‘Osuatrrtelrer
514 4325 736 4379 Urtuudeubuch’
755 4328 796 4393 II,
815 4331 866 4384 291
892 4328 926 4382 N.
946 4331 970 4382 2.
1056 4330 1082 4393 2)
1099 4328 1185 4380 Hodie
1202 4330 1356 4394 Stadtterpe
1373 4329 1410 4378 ad

293 4397 406 4460 fluvium
424 4396 527 4448 Diemel
543 4398 597 4447 aive
613 4398 851 4464 Nr'edermursbery
868 4401 898 4448 iu
913 4398 1088 4465 praefectura
1106 4400 1212 4452 Britan.
1279 4401 1306 4465 3)
1322 4399 1410 4449 Hodie

250 4480 275 4519 45
294 4467 401 4533 Subura
425 4466 646 4533 (Holurrsytury)
664 4471 694 4518 iu
708 4471 881 4535 praefectura
903 4470 1090 4524 Tremom'eust'.
