3262 5024
357 460 453 516 VITA
470 457 664 515 BENNONIS
682 459 722 516 H.
742 457 916 514 EPISGOPI
934 456 1260 514 OSNABRUGENSIS.
1332 460 1368 513 25

251 644 388 708 nemine
410 644 533 708 itidem
556 663 629 707 rem
653 642 902 719 considerante,
932 641 1091 719 latibulo,
1122 643 1221 706 iuxta
1247 640 1366 719 altare,

251 732 312 796 ubi
335 733 429 815 prius
453 734 598 808 sederat,
630 730 746 795 subito
775 732 925 796 residere
956 731 1175 814 conspicitur.
1223 729 1367 813 Stupen-

192 847 196 856 ·
250 821 344 885 tibus
378 821 485 904 igitur
520 841 590 884 nou
622 821 803 904 minusque
833 820 1039 884 mirantibus
1074 819 1208 884 cunctis
1238 823 1282 896 et,
1306 819 1368 883 ubi

251 910 386 987 fuisset,
412 909 565 974 studiose
589 909 822 992 querentibus,
852 929 888 973 se
919 909 961 974 dc
984 909 1060 973 loco
1083 908 1145 972 illo
1169 928 1231 992 per
1252 911 1367 972 totum

218 999 321 1062 sdiei
354 999 502 1082 spatium
539 1018 609 1061 non
643 999 822 1062 recessisse
856 997 947 1062 velle
981 998 1094 1062 iurare
1124 1017 1184 1079 per
1215 997 1367 1060 conscios

250 1089 388 1151 sanctos
419 1087 626 1170 spondebat;
662 1088 707 1150 ad
737 1106 854 1170 regem
883 1106 1019 1169 quoque
1047 1086 1165 1150 statim
1197 1085 1368 1149 adductus
1448 1107 1451 1112 ·

251 1174 448 1258 plenissime
478 1196 513 1240 se
541 1176 584 1239 de
615 1176 709 1240 omni
737 1175 946 1240 infidelitate
976 1174 1147 1259 purgavit,
1179 1174 1237 1257 qui
1266 1174 1367 1236 illum

251 1267 367 1328 tamen
396 1265 433 1328 iu
464 1265 532 1329 fide
554 1264 702 1349 pristina
725 1264 871 1329 firmiter
894 1267 985 1328 stare
1008 1264 1155 1328 lenitate
1185 1264 1367 1327 verborum

252 1353 382 1416 hortari
405 1352 539 1430 maluit,
564 1375 667 1437 quam
683 1356 813 1419 terrore
831 1354 1074 1436 constringere.
1111 1351 1244 1416 Exinde
1259 1353 1369 1436 igitur

207 1465 233 1506 ιο
250 1441 427 1525 praeclara
463 1441 627 1525 felicique
666 1442 896 1525 prosperitate
933 1441 989 1504 vel
1034 1441 1140 1504 animi
1182 1441 1368 1524 prudentia

250 1530 429 1613 utriusque
453 1551 573 1613 papae,
598 1531 690 1613 quod
713 1530 870 1613 profecto
894 1530 1074 1614 perpaucis
1097 1549 1138 1592 ea
1159 1531 1367 1612 tempestate

250 1619 414 1703 possibile
443 1619 523 1694 tuit,
555 1618 709 1682 amicitia
737 1638 829 1696 usus,
865 1619 997 1702 regiam
1031 1637 1166 1700 quoque
1198 1638 1367 1700 nusquam

249 1707 449 1771 incurrebat
483 1706 659 1783 offensam,
691 1707 881 1772 efficaciter
910 1707 1106 1791 apostolum
1129 1707 1290 1770 audiens:
1331 1705 1368 1770 si

250 1794 324 1874 pieri
351 1801 469 1876 puteat,
505 1795 589 1876 qaod
620 1815 659 1859 ee
692 1794 779 1861 cobis
812 1802 871 1877 eet,
907 1817 977 1860 cum
1013 1794 1156 1859 manibus
1189 1793 1369 1859 bominibus

206 1904 356 1965 rapacem
377 1883 556 1949 babebat

359 2014 409 2071 19.
444 2009 511 2073 Per
533 2009 626 2073 idem
649 2012 786 2092 tempus
809 2009 910 2072 victis
927 2030 947 2072 a
962 2029 1042 2092 rege
1059 2009 1250 2076 Saxonibus
1266 2010 1368 2073 inter·
1390 2012 1446 2082 (23)

250 2097 421 2179 tectoque,
446 2117 547 2179 quem
572 2097 638 2161 sibi
660 2118 776 2182 regem
805 2101 1001 2181 posuerant,
1034 2098 1121 2162 duce
1151 2087 1500 2180 Roeolpn02,1ceo.·

251 2207 329 2250 cum
351 2188 428 2248 tota
451 2185 601 2250 Saxonis
624 2190 782 2270 coeptam
812 2187 978 2250 ferociam
1008 2186 1160 2270 graviter
1183 2185 1368 2249 humiliata

250 2274 438 2358 deponeret
468 2277 504 2338 et
533 2275 692 2359 profugis
720 2296 761 2340 ex
785 2295 820 2338 se
844 2275 996 2339 reditum
1019 2275 1130 2338 invita
1153 2274 1367 2350 concederet,

204 2387 230 2426 rc
250 2364 429 2447 episeopus
464 2367 582 2428 noster
615 2365 685 2428 iam
715 2384 751 2428 se
781 2363 929 2428 liberum
958 2383 1056 2447 posse
1087 2365 1226 2426 domum
1257 2363 1368 2428 redire

250 2451 473 2535 conspiciens,
493 2452 576 2533 quid
593 2455 674 2517 ante
691 2471 865 2535 egressum
882 2453 956 2516 Deo
973 2452 1156 2529 devoverit,
1183 2452 1368 2536 diligenter

249 2540 429 2603 intendere
454 2540 577 2622 coepit.
612 2541 737 2622 Itaque
753 2540 908 2622 reliquiis
925 2543 1122 2604 sanctorum
1138 2541 1367 2623 undecunque

250 2627 366 2711 potuit
401 2628 587 2710 acquisitis,
623 2628 721 2691 libris
756 2648 900 2711 quoque,
936 2628 1084 2692 vasculis
1115 2649 1154 2692 ac
1185 2627 1300 2712 palliis
1331 2632 1368 2691 et

250 2716 414 2800 quicquid
444 2716 510 2780 ada
544 2717 845 2800 congregationem
874 2717 1108 2800 incipiendam
1137 2717 1365 2781 necessarium

205 2830 231 2869 ss
249 2806 479 2888 idoneumque
514 2825 587 2870 esse
622 2806 793 2890 cognovit,
830 2827 908 2870 cum
942 2806 1119 2870 redeundo
1148 2806 1366 2889 Moguntiam

250 2895 436 2973 deveniret,
467 2895 504 2956 in
535 2895 630 2958 beati
653 2895 782 2958 Albani
812 2895 1020 2960 monasterio
1045 2894 1229 2959 abbatem³
1253 2915 1368 2978 aggre-

250 2984 354 3060 ditur,
380 2986 415 3047 et
438 2983 520 3065 quia
543 2984 615 3047 eius
639 2984 801 3046 notitiam
824 2984 919 3066 prius
943 2984 1123 3056 habuerat,
1148 2984 1232 3066 quid
1253 2985 1367 3047 animo

250 3073 394 3154 gereret,
427 3074 663 3154 competenter
693 3091 866 3156 exponens
897 3093 976 3135 cum
1004 3071 1147 3136 consilio
1170 3073 1300 3156 pariter
1324 3072 1366 3136 ab

251 3180 291 3224 eo
308 3159 461 3243 exposcit
477 3159 660 3237 auxilium;
686 3161 745 3243 qui
760 3153 876 3225 illicob
893 3181 971 3224 cum
988 3181 1028 3225 eo
1050 3161 1087 3223 in
1103 3181 1189 3244 opus
1205 3161 1272 3225 Dei
1288 3161 1367 3224 duo·

206 3272 232 3312 co
252 3249 362 3313 decim
393 3250 579 3313 monachos
610 3249 713 3324 misit,
749 3252 790 3312 ut
824 3270 878 3314 res
908 3251 1048 3334 incepta
1079 3270 1139 3334 per
1174 3270 1231 3313 eos
1263 3250 1369 3332 digna

250 3338 325 3402 fieri
355 3342 479 3422 posset,
510 3341 632 3422 postea
661 3359 722 3422 per
751 3339 868 3423 plures
891 3339 1021 3423 augeri.
1068 3337 1161 3417 Quos
1184 3339 1221 3401 in
1244 3338 1368 3403 itinere

250 3447 435 3511 parumper
468 3428 676 3509 praecedens
711 3426 958 3553 Osnabrugge⁰
998 3428 1158 3511 perrexit,
1193 3427 1254 3491 ubi
1295 3427 1368 3510 ipse

251 3516 353 3579 nudis
377 3515 522 3599 pedibus
546 3519 581 3579 et
605 3515 724 3578 multis
747 3516 897 3579 lacrimis
946 3516 988 3579 ab
1006 3516 1165 3580 omnibus
1181 3516 1368 3580 honorifice

251 3604 512 3687 gratissimeque
535 3607 694 3687 receptus
719 3605 986 3688 chirographum
1011 3625 1113 3686 super
1129 3605 1366 3680 decimatione,

206 3715 233 3756 ss
251 3694 343 3775 quod
366 3713 483 3757 secum
506 3693 689 3766 detulerat,
714 3691 852 3775 publice
872 3693 910 3755 in
927 3693 1071 3756 ecclesia
1087 3692 1225 3755 recitari
1240 3692 1368 3775 populo
1472 3699 1474 3702 ’

252 3782 414 3846 audiente
444 3782 587 3864 Dcoque
623 3802 724 3864 super
759 3783 824 3845 hoc
859 3782 989 3864 gratias
1024 3783 1149 3864 agente
1182 3781 1367 3865 praecepit.

252 3870 320 3934 Sed
342 3871 392 3934 ibi
415 3871 616 3935 ordinandis
646 3870 748 3934 rebus
778 3871 846 3933 iam
877 3873 978 3933 tanto
1000 3873 1156 3954 tempore
1180 3871 1368 3934 miserrime

253 3957 455 4023 disturbatis
478 3960 691 4043 aliquamdiu
715 3980 860 4036 morans,
890 3959 981 4041 quod
1006 3960 1309 4043 congregationem
1332 3959 1368 4021 in

253 4048 369 4110 monte
393 4048 508 4112 facere
530 4049 646 4124 vellet,
677 4048 890 4113 fidelioribus
914 4048 984 4112 suis
1007 4049 1202 4112 insinuaree
1223 4047 1366 4112 curavit.

207 4202 234 4241 40
252 4202 274 4247 ι)
288 4200 347 4238 acG
402 4199 425 4249 b)
438 4200 488 4240 ilico
503 4201 521 4238 G
576 4201 596 4252 c)
610 4202 779 4254 slsnabruggcm
793 4204 824 4252 6²3
840 4202 995 4253 Osnabrugam
1010 4203 1082 4242 SNIE
1148 4200 1171 4250 d)
1185 4202 1289 4253 lacrymis
1304 4203 1330 4252 G,
1350 4207 1369 4242 er

252 4253 353 4292 similiter
366 4253 452 4302 saeptus
506 4253 526 4304 a)
540 4255 572 4292 ita
586 4256 615 4305 G;
630 4256 740 4296 insinuari
753 4256 832 4300 SNIE.

253 4379 279 4443 1)
296 4378 408 4432 Ecaten.
430 4379 472 4440 12,
493 4379 533 4432 18.
606 4380 633 4446 2)
655 4380 690 4434 D.
710 4382 751 4435 15.
770 4397 804 4434 m.
825 4379 942 4432 Octobris
960 4396 985 4434 a.
1000 4381 1077 4435 1080.
1157 4379 1185 4445 3)
1206 4379 1370 4431 Moaaeteric

252 4449 279 4504 S.
298 4449 400 4502 Albani
411 4449 594 4515 Mogentiana
606 4451 776 4516 praesidebat
794 4451 876 4502 annis
892 4451 1077 4506 lora-1085.
1096 4451 1178 4502 abbae
1192 4449 1368 4502 eccacalcus.
