3262 5024
222 425 255 478 16
328 420 423 475 VITA
442 420 634 475 BENNONIS
653 420 691 476 II.
711 419 886 474 EPISGOPI
904 418 1228 476 OSNABRUGENSIS.

222 604 374 678 oonsilio,
406 607 446 666 ut
477 603 637 666 universa
660 622 743 686 gens
766 603 957 668 Teutonica
979 603 1116 685 aequali
1139 603 1337 668 conditione

221 693 306 756 subl
344 713 414 756 uno
449 711 583 775 semper
620 711 700 774 rege
739 692 842 775 parili
876 692 1089 756 subiectione
1124 692 1335 766 consisteret,

221 781 410 864 exindeque
441 802 502 865 per
531 801 649 845 omnes
671 781 770 862 regni
792 781 957 845 terminos
981 781 1075 863 pacis
1099 781 1337 846 communione

220 870 397 933 transfusa
412 869 573 934 ecclesias
590 873 797 942 construere,
816 870 959 934 castella
972 870 1118 941 diruere,
1136 869 1238 932 armis
1255 872 1337 933 tem·

221 979 349 1042 perere,
382 958 475 1026 bella
504 959 675 1042 deponere
706 958 851 1022 firmiter
880 959 1059 1022 statuisset
1081 958 1259 1041 imperiale
1283 959 1368 1022 deo

221 1052 363 1125 cretum,
398 1049 490 1111 inter
524 1050 686 1123 caeterea,
722 1047 782 1128 qui
819 1050 904 1111 tunc
942 1047 1044 1129 longe
1082 1046 1220 1128 lateque
1256 1050 1337 1109 sunt

221 1137 337 1212 diruti,
370 1137 475 1200 etiam
505 1137 598 1199 huno
628 1139 785 1198 nostrum
816 1140 969 1200 montem
1000 1139 1137 1199 constat
1160 1136 1196 1198 in
1220 1135 1337 1198 solitu·

221 1225 336 1288 dinem
360 1225 467 1288 fuisse
491 1224 679 1287 redactum.
726 1223 854 1288 Verum
887 1245 964 1288 eum
988 1224 1073 1287 haec
1096 1224 1171 1306 ipsa
1193 1224 1335 1300 terrula,

219 1313 256 1375 in
280 1333 347 1395 qua
370 1333 467 1376 mons
491 1313 556 1376 iste
573 1312 739 1387 consistit,
765 1332 852 1395 quae
868 1312 1000 1377 scilicet
1016 1313 1107 1376 inter
1122 1316 1193 1376 tres
1207 1312 1336 1376 rivulos

221 1405 255 1465 et
279 1422 320 1465 ex
344 1401 504 1484 aquilone
528 1404 645 1465 monte
669 1402 817 1464 maximo
841 1401 1069 1478 concluditur,
1102 1403 1146 1464 ad
1170 1400 1381 1467 Disnam110

220 1492 409 1574 pertineret
440 1492 569 1554 curiam
601 1489 839 1574 episcopalem,
879 1492 1001 1554 horreo
1032 1493 1240 1565 constructo,
1277 1491 1337 1554 ubi

220 1600 311 1643 nunc
335 1582 452 1643 noster
476 1582 528 1642 est
551 1579 682 1654 hortus,
705 1579 863 1642 redditus
886 1579 966 1642 inde
983 1599 1044 1661 per
1060 1579 1214 1662 singulos
1230 1599 1336 1642 annos

220 1668 332 1732 exacti
367 1671 448 1730 sunt
482 1688 544 1750 pro
575 1668 770 1748 quantitate
802 1688 971 1750 agrorum,
1007 1667 1099 1750 quod
1134 1688 1195 1750 per
1229 1688 1336 1731 annos

219 1756 384 1840 plurimos
419 1756 470 1818 ita
500 1757 640 1818 durasse
671 1758 706 1818 et
741 1756 784 1818 ad
814 1755 1021 1820 venerabilis
1055 1756 1119 1818 viri
1150 1756 1333 1833 Bennonis,

219 1845 322 1907 huius
346 1847 485 1908 sanctae
502 1843 775 1926 Osnabrugensis
795 1845 959 1910 ecclesiae
978 1845 1129 1928 episcopi
1139 1846 1159 1922 ²,
1180 1849 1335 1928 tempora
1354 1871 1379 1910 1s

220 1953 326 2015 usque
361 1933 493 1997 venisse
528 1933 684 2016 profecto
719 1933 776 1997 hio
808 1934 1070 1997 consistentium
1101 1954 1189 2017 pene
1218 1933 1334 1996 nullus

218 2022 365 2106 ignorat.
415 2020 572 2098 Qualiter
603 2025 720 2085 autem
753 2023 796 2086 ab
830 2044 870 2087 eo
900 2043 998 2086 mons
1027 2022 1093 2086 iste
1124 2022 1335 2086 reaedificari

220 2111 265 2173 sit
289 2113 440 2194 coeptus,
469 2110 618 2193 plurimi,
644 2111 703 2193 qui
727 2112 839 2174 adhuc
863 2112 900 2174 in
924 2132 1026 2175 carne
1050 2115 1244 2195 supersunt,
1269 2111 1334 2175 hoc

219 2199 318 2263 nobis
342 2199 461 2264 ordine
486 2200 598 2263 solent
621 2201 819 2264 attestando
843 2220 993 2264 narrare.

138 2326 196 2394 (19)
328 2327 378 2385 14.
414 2323 568 2386 Plurimo
591 2324 709 2405 itaque
729 2327 884 2407 tempore
901 2328 1031 2402 exacto,
1057 2346 1134 2388 cum
1150 2324 1217 2387 iam
1234 2323 1335 2388 bellis
1354 2350 1382 2388 ao

218 2411 371 2493 undique
410 2412 531 2495 sopitis
566 2413 659 2495 pacis
699 2412 854 2477 diutinae
892 2414 1071 2496 prolixitas
1114 2413 1335 2478 insolentiam

219 2501 416 2584 peperisset,
441 2511 516 2565 non
534 2501 645 2564 solum
669 2505 829 2584 potentes
853 2505 888 2566 et
911 2502 1044 2566 nobiles
1068 2502 1218 2584 quietem
1247 2524 1335 2565 rum-

219 2609 299 2672 pere
329 2592 365 2653 et
396 2589 622 2655 seditionibus
654 2591 818 2654 dissidere
849 2592 1028 2673 persuasit,
1061 2592 1120 2653 sed
1152 2594 1187 2654 et
1210 2591 1335 2673 vulgus

218 2678 372 2760 ignobile
403 2682 438 2741 et
468 2671 652 2741 rusticamb
691 2679 924 2740 conditionem
955 2680 990 2739 in
1019 2679 1165 2739 maiores
1188 2678 1335 2740 armavit

220 2770 255 2830 et
278 2787 444 2829 novarum
467 2785 580 2828 rerum
605 2783 666 2826 suo
691 2784 783 2826 more
808 2763 969 2845 cupidam
991 2763 1087 2827 iecit.
1124 2762 1210 2825 Cum
1227 2764 1335 2845 igitur
1353 2789 1381 2828 a

219 2874 309 2917 anno
332 2853 481 2935 quodam
503 2856 696 2935 temporum
722 2855 909 2933 proventus
932 2851 1107 2934 regionem
1129 2851 1231 2914 istam
1256 2872 1334 2914 cum

219 2942 363 3006 caeteris
391 2941 503 3014 rebus,
534 2945 609 3003 tum
634 2940 738 3003 etiam
762 2939 941 3023 glandium
971 2940 1131 3004 ubertate
1158 2940 1333 3023 replesset,

219 3033 254 3093 et
284 3029 351 3092 iam
383 3051 480 3092 mous
510 3030 576 3094 iste
607 3049 648 3093 ex
678 3029 917 3112 antiquissimo
947 3029 1018 3092 situ
1041 3029 1181 3092 similis⁰
1209 3028 1335 3093 fuisset

219 3118 522 3182 circumstantibus
561 3118 734 3182 densitate
780 3114 978 3192 silverunt,
1025 3119 1334 3182 circummanentes

217 3207 347 3283 rustici,
372 3227 456 3288 quos
479 3207 556 3270 hic⁰
585 3207 876 3270 commarchiones
900 3205 1088 3291 appellant,
1113 3227 1234 3291 porcos
1255 3227 1334 3270 suos
1353 3232 1381 3271 ao

219 3289 308 3358 hucf
335 3296 521 3360 immittere
545 3295 755 3378 glandesque
779 3294 885 3359 saccis
909 3299 1086 3378 asportare
1114 3299 1149 3360 et
1170 3316 1243 3360 rem
1268 3296 1333 3379 epi·

219 3384 312 3466 scopi
329 3385 524 3467 propriamg
539 3384 713 3448 communi
728 3384 807 3448 usui
822 3385 1017 3468 mancipare
1034 3389 1231 3468 coeperunt.
1267 3385 1335 3448 Sed

219 3493 295 3535 oum
319 3471 465 3549 villicus,
496 3473 555 3555 qui
586 3473 642 3538 hic
665 3466 778 3537 forte11
804 3475 927 3538 horreo
951 3474 1178 3557 praesidebat,
1210 3473 1336 3536 machi·

218 3562 352 3626 nationi
376 3582 494 3625 eorum
518 3561 684 3626 obsistere
708 3565 743 3625 et
766 3582 839 3626 rem
863 3563 1077 3626 commissam
1102 3563 1204 3627 etiam
1231 3562 1334 3625 armis

217 3754 239 3799 a)
253 3753 286 3791 ito
300 3752 378 3799 SNIE,
392 3751 432 3790 sed
446 3752 465 3789 G
514 3750 538 3803 b)
551 3753 659 3792 rusticum
673 3753 702 3789 W
768 3751 789 3802 o)
803 3753 894 3802 singulis
907 3754 936 3791 W
994 3752 1018 3804 d)
1031 3754 1145 3804 sylvarum
1160 3753 1187 3800 G,
1201 3756 1221 3790 ct
1234 3752 1335 3790 similiter
1353 3757 1382 3797 aa

218 3806 305 3854 saepius
359 3809 381 3852 e)
394 3804 426 3843 ibi
440 3805 621 3844 conmarchiones
635 3805 664 3842 W
713 3805 838 3853 0111ch
888 3809 910 3855 g)
924 3808 981 3845 dcccl
994 3808 1022 3845 W
1072 3805 1096 3856 h)
1110 3806 1140 3844 ibi
1154 3809 1214 3844 sorte
1228 3805 1259 3844 W.

219 3965 245 4031 1)
262 3965 359 4018 Dircen
376 3965 406 4014 in
424 3964 600 4030 praefectura
618 3964 710 4030 Iburp.
784 3967 811 4032 2)
839 3966 893 4017 Hic
910 3973 947 4018 est
965 3966 1057 4017 Bcnno
1076 3965 1099 4018 Ι.
1119 3964 1332 4030 (Burinque-ius),

218 4037 352 4102 episcopus
372 4035 582 4100 cananaeae
601 4035 635 4085 od
652 4053 677 4089 a.
697 4039 773 4092 1052.
792 4053 874 4102 usquc
895 4037 931 4087 ad
949 4052 974 4089 a.
991 4038 1067 4102 1068,
1094 4035 1129 4099 cf.
1149 4051 1235 4102 supra
1252 4050 1282 4100 p.
1301 4038 1333 4088 12

219 4107 236 4160 l.
249 4108 327 4166 261,Ι
346 4106 477 4168 fundator
489 4107 508 4157 I
507 4106 646 4189 burpcneie
658 4110 822 4171 monasterii,
836 4113 934 4190 ‘noster
945 4107 1055 4191 Benap',
1068 4107 1116 4172 qui
1128 4106 1334 4170 aedificationem

218 4177 530 4313 laattllissflttlt
548 4177 1127 4314 attrectata„ulerunt
1148 4176 1334 4314 111111
1353 4191 1381 4228 ⁴⁰

217 4321 287 4381 rius,
312 4319 361 4383 qui
384 4333 442 4368 com
466 4319 629 4384 domnam,
654 4319 723 4370 hono
747 4319 939 4371 diminutam
963 4321 1217 4384 animaduerterunt,
1246 4320 1335 4383 itaque

218 4391 320 4453 factum
339 4393 384 4455 est,
402 4393 431 4438 ut
449 4389 516 4440 duos
535 4389 672 4442 canones
690 4391 890 4455 confunderent.
