3262 5024
317 443 352 495 40
424 438 519 493 VITA
539 439 730 494 BENNONIS
750 436 1324 494 11.n1>1s001>1osNABRUGENSIS.

425 608 477 667 29.
514 605 565 668 Ac
601 606 648 669 sio
684 606 845 689 deinceps
876 606 994 668 divina
1024 604 1220 687 opitulante
1253 604 1440 668 clementia

319 694 563 757 consummatis
587 715 628 757 ex
652 699 758 778 parte.
784 715 871 776 quae
895 694 1043 758 moriens
1067 693 1127 757 ille
1142 693 1346 775 imperfecta
1361 693 1438 756 reli-

318 784 449 864 querat,
474 784 641 866 reparatis
664 784 766 848 tectis
792 789 826 846 et
850 783 993 866 picturis
1018 782 1194 857 adhibitis,
1225 781 1437 846 ornamentis

319 872 423 935 etiam
448 892 510 953 pro
534 872 704 937 facultate
736 873 892 935 adauctis
924 875 959 935 et
990 871 1138 954 praediis
1166 871 1342 952 acquisitis
1366 891 1438 932 non

319 961 471 1035 modicis,
504 962 569 1024 etsi
596 982 665 1025 non
697 962 872 1036 continua,
907 961 1070 1043 frequens
1099 964 1217 1024 tamen
1248 963 1283 1023 et
1313 958 1437 1042 qualis·
1463 985 1482 1023 5

320 1070 453 1132 cunque
484 1050 550 1113 sibi
581 1051 636 1114 hic
667 1071 736 1114 non
768 1051 864 1114 deest
895 1050 1015 1113 oratio.
1067 1047 1237 1126 Quoniam
1269 1067 1437 1111 successo·

319 1139 414 1202 ribus
438 1139 563 1201 nostris
585 1139 725 1221 speciali
742 1140 807 1202 hoc
824 1138 1026 1220 opusculum
1044 1138 1239 1201 intentione
1256 1137 1437 1210 edidimus,

319 1231 473 1310 repetere
509 1247 600 1289 nunc
635 1227 876 1290 obtestationis
916 1229 1053 1288 nostrae
1092 1226 1438 1297 admonitiunculam,

320 1337 419 1398 quam
452 1316 489 1377 in
520 1315 630 1397 prima
663 1316 735 1378 eius
757 1315 873 1377 fronte
897 1315 1082 1396 posuimus,
1112 1317 1147 1377 et
1171 1314 1307 1396 saepius
1329 1312 1440 1376 incul-

321 1423 397 1467 care
421 1425 491 1466 non
516 1404 621 1486 piget,
646 1407 695 1479 ut,
722 1403 750 1466 si
774 1403 806 1466 ei
830 1423 890 1485 per
908 1423 970 1466 nos
990 1403 1110 1484 utique
1130 1406 1327 1484 peccatores
1343 1402 1441 1484 apud
1467 1425 1500 1463 ιο

321 1493 515 1556 districtum
540 1493 688 1556 iudicem
705 1493 819 1554 minus
836 1491 1034 1567 efficaciter,
1059 1512 1171 1573 quam,
1197 1492 1279 1552 dum
1297 1492 1438 1566 viveret,

321 1583 471 1665 speravit
499 1584 534 1645 et
564 1584 663 1664 egeta
696 1582 852 1657 fortasse,
888 1580 1108 1656 succurritur,
1143 1582 1242 1642 tanto
1278 1580 1441 1643 obnixius

322 1691 383 1755 pro
408 1671 480 1734 eius
512 1669 623 1734 salute
655 1670 790 1733 divinae
821 1669 962 1752 pietatis
993 1689 1092 1732 aures
1117 1669 1254 1752 pulsare
1277 1669 1344 1752 ipsi
1367 1690 1441 1732 uon

322 1760 491 1830 desinant,
522 1762 651 1840 quanto
675 1779 710 1822 se
735 1759 807 1821 eius
830 1758 1001 1820 industria
1025 1758 1238 1822 solummodo
1262 1761 1298 1822 et
1322 1757 1441 1820 studio

320 1849 356 1910 in
382 1849 446 1911 hoc
470 1847 546 1910 loco
571 1850 796 1930 congregatos
812 1847 939 1910 habere
956 1848 1179 1929 cognoverint
1196 1853 1231 1910 et
1246 1845 1440 1929 temporale
1465 1869 1497 1909 ιε

322 1937 513 1999 subsidium
549 1940 592 2012 et,
629 1936 658 1998 si
692 1936 853 2017 religioni
887 1935 1093 2011 studuerint,
1130 1938 1223 2000 certe
1258 1934 1438 2018 spirituale

321 2017 626 2088 instrumentumb.
666 2023 766 2102 Quod
782 2025 944 2087 nimirum
962 2025 1034 2088 eius
1054 2026 1291 2088 exhortatione
1311 2023 1437 2086 studio·

322 2114 392 2178 sius
416 2117 529 2196 agent,
555 2135 657 2196 quam
682 2114 756 2188 sibi,
783 2135 861 2176 cum
884 2134 945 2196 per
969 2135 1158 2177 sermonem
1179 2114 1377 2195 loqueretur
1393 2112 1439 2175 ad

323 2203 490 2287 populum
520 2206 555 2266 et
586 2224 647 2285 pro
676 2224 711 2265 se
736 2223 792 2267 eos
816 2222 913 2266 orare
937 2202 1145 2284 deposceret,
1177 2202 1439 2264 consuetudina-

322 2293 429 2355 riam⁰
464 2292 595 2355 fecerat
625 2296 660 2354 et
689 2292 888 2374 specialem:
921 2291 980 2372 qui
1010 2310 1070 2372 pro
1102 2289 1170 2352 alio
1194 2288 1334 2351 scilicet.
1350 2291 1435 2364 orat,
1462 2313 1494 2352 ao

324 2402 359 2446 se
382 2382 494 2464 ipsum
519 2380 676 2444 absolvit.
713 2381 748 2442 Si
771 2381 879 2462 igitur
903 2400 963 2462 pro
988 2400 1028 2442 eo
1047 2381 1185 2442 orantes
1201 2380 1336 2442 nosmet
1352 2377 1437 2440 arbi-

323 2475 456 2532 tramur
479 2469 619 2534 absolvi,
645 2470 832 2533 absurdum
849 2471 901 2532 est
919 2468 951 2532 ei
970 2467 1182 2556 subtrahere,
1207 2461 1320 2550 quodd
1339 2466 1438 2530 nobis

324 2559 406 2642 ipsis
436 2579 505 2621 non
537 2559 735 2622 dubitamus
765 2559 919 2642 impendi
950 2560 1053 2640 atque
1085 2577 1232 2620 manere.
1279 2556 1322 2618 In
1353 2577 1439 2619 com·

324 2669 426 2712 mune
450 2648 557 2730 igitur
581 2669 621 2711 ex
645 2669 736 2711 nunc
761 2651 796 2711 et
818 2651 903 2710 tunc
928 2668 989 2730 pro
1013 2667 1053 2710 eo
1070 2646 1113 2709 ab
1129 2646 1288 2709 omnibus
1305 2664 1440 2727 semper

325 2738 368 2800 ad
390 2736 498 2800 Deum
521 2736 655 2799 levetur
674 2737 794 2809 oratio,
820 2739 868 2808 ut,
894 2736 922 2796 si
941 2736 977 2796 in
1002 2734 1121 2815 poenis
1145 2737 1206 2809 est,
1232 2733 1333 2795 citius
1357 2732 1439 2796 libe·
1462 2756 1492 2794 ns

323 2829 428 2900 retur,
458 2827 493 2887 et
517 2824 545 2886 si
568 2824 721 2886 nondum
745 2822 864 2884 audire
888 2821 1050 2883 meruit¹:
1084 2819 1179 2882 Serve
1207 2818 1321 2896 fidelia,
1349 2819 1440 2881 intro

323 2913 359 2976 in
387 2911 541 2993 pendium
571 2909 706 2974 Domini
736 2909 790 2990 tui,
827 2909 950 2974 saltem
984 2908 1075 2971 inter
1105 2927 1162 2970 eos
1192 2907 1389 2970 inveniatur
1419 2928 1439 2969 a

324 3002 462 3078 dextris,
494 3002 618 3084 quibus
650 3005 701 3064 est
731 3000 769 3062 in
791 3001 859 3062 fine
883 2997 1104 3062 dicendum2:
1137 2995 1256 3076 Vende,
1286 2993 1439 3059 benedicti

317 3089 426 3171 putris
454 3089 524 3169 mei,
556 3088 710 3169 possidete
738 3093 892 3167 puratum
914 3085 1001 3149 vobis
1029 3105 1170 3165 repnum,
1201 3106 1262 3169 per
1292 3086 1439 3149 eundem

325 3180 501 3243 dominum
525 3181 680 3242 nostrum
698 3178 812 3240 Iesum
831 3176 1016 3251 Christum,
1041 3175 1101 3257 qui
1125 3196 1202 3238 cum
1228 3175 1347 3238 eodem
1364 3174 1439 3237 Deo
1460 3197 1489 3236 ao

325 3273 422 3352 patre
446 3269 482 3330 in
506 3268 641 3330 unitate
666 3266 815 3348 Spiritus
840 3265 951 3328 sancti
973 3265 1059 3327 vivit
1079 3267 1114 3327 et
1129 3266 1253 3346 regnat
1268 3263 1363 3327 Deus
1380 3283 1441 3346 per

325 3358 440 3421 omnia
464 3355 581 3420 secula
605 3355 808 3418 seculorum.
855 3354 977 3418 Amen.

326 3495 545 3560 EXPLICIT
569 3496 682 3559 VITA
712 3495 951 3560 BENNONIS
975 3495 1188 3560 EPISOOPI
1213 3494 1440 3559 OSNABRU·

377 3603 552 3680 GENSIS‚
579 3602 876 3667 FUNDATORIS
900 3601 1069 3666 NOSTRI
1093 3601 1394 3666 MONASTERII.

326 3798 348 3843 a)
367 3795 415 3843 egit
434 3805 517 3843 omnm
536 3797 646 3833 eruendam·
660 3807 710 3844 epm
724 3796 751 3842 cs.
767 3807 836 3844 supra
847 3795 892 3844 p,2
908 3796 945 3838 l.4
1013 3795 1035 3843 b)
1054 3795 1086 3833 da
1100 3794 1218 3843 G(S?)IE,·
1237 3792 1396 3829 incrementum
1412 3790 1440 3838 N,
1460 3796 1487 3834 35

326 3850 353 3896 cs,
367 3860 436 3897 crebra
446 3849 492 3896 ,αἳ
508 3849 545 3890 dd
600 3851 619 3896 c)
633 3846 854 3888 consuetudinarium
870 3850 888 3886 G
943 3849 966 3896 d)
980 3860 1024 3898 quo
1039 3849 1066 3888 G.
1382 3851 1387 3862 '

327 4011 353 4076 1)
370 4009 466 4062 araur.
486 4011 529 4076 25,
549 4011 591 4063 21.
664 4010 691 4076 n)
712 4009 807 4062 natta.
828 4011 871 4073 aa,
890 4011 933 4062 34.

753 4308 1017 4318 ——--—.
