3262 5024
227 465 246 518 4
334 459 430 514 VITA
449 457 640 513 BENNONIS
659 458 698 514 H.
718 457 1234 515 11100011001101100011010.

230 642 330 721 Quod
354 663 429 705 cum
456 645 573 705 votum
606 645 788 724 parentum
815 641 923 704 multo
947 641 1084 705 laetiori
1107 662 1166 725 spe
1191 642 1343 718 aluisset,

230 731 366 796 divinae
385 730 587 814 propenssiu
602 730 752 793 bonitati
771 731 899 812 gratias
919 750 1020 812 agere
1040 734 1237 813 coeperunt,
1257 751 1345 812 quae

229 841 299 884 non
323 818 433 882 solum
452 839 488 882 re
509 819 682 902 praesenti
702 839 819 883 eorum
837 819 1007 882 desiderio
1027 819 1260 894 satisfecisset,
1285 821 1345 883 sed

230 912 265 973 et
289 910 331 972 de
355 908 475 971 futuro
499 907 572 990 spei
595 908 758 990 quiddam
785 907 917 971 altioris
941 907 1116 972 videretur
1138 928 1299 972 annuere.

338 1037 368 1092 3.
410 1031 497 1095 Cum
521 1035 647 1108 autem,
673 1033 765 1114 quod
788 1036 953 1096 voverant
976 1034 1137 1114 parentes
1162 1034 1204 1096 de
1229 1052 1377 1116 0110100

230 1120 373 1203 11101010
404 1123 560 1204 00000101
589 1123 727 1201 tempus
751 1122 885 1196 aetatis,
917 1121 953 1182 in
978 1121 1171 1202 Argentina
1195 1122 1344 1198 civitate,

231 1229 317 1293 quae
351 1208 418 1272 alio
449 1208 585 1272 nomine
617 1207 829 1288 Strasburga
864 1205 1068 1290 appellatur,
1101 1210 1237 1271 cuidam
1269 1232 1344 1273 eum

232 1297 394 1380 magistro
414 1288 579 1360 litteralib
603 1294 826 1358 imbuendum
851 1295 996 1358 scientia
1014 1295 1242 1361 tradiderunt.
1279 1297 1347 1359 Ubi

231 1393 397 1469 quantum
422 1405 483 1467 per
506 1383 657 1447 divinam
681 1383 827 1466 gratiam
852 1382 1005 1465 quotidie
1025 1383 1220 1465 profecerit,
1245 1404 1347 1464 quan-

230 1479 335 1557 taque
359 1475 561 1537 coaetaneos
585 1493 663 1535 suos
683 1476 718 1536 et
739 1472 970 1535 conscolaresc
992 1470 1175 1534 velocitate
1193 1471 1347 1535 discendi
1366 1495 1393 1533 ιο

232 1562 464 1648 praecesserit,
495 1562 701 1644 ingenioque
733 1563 768 1624 01
799 1560 942 1624 scientia
966 1559 1148 1623 momentis
1173 1581 1259 1643 pene
1284 1560 1347 1622 sin-

232 1652 322 1735 gulis
342 1669 579 1733 supergressus
597 1650 858 1722 transcenderit,
872 1649 975 1712 facile
989 1649 1184 1725 advertunt,
1202 1649 1261 1730 qui
1275 1649 1347 1712 eius

232 1743 352 1822 postea
361 1738 565 1800 industriam
578 1736 754 1818 aliquanto
765 1737 867 1799 simul
877 1737 1104 1822 conversandi
1114 1739 1348 1821 experimento

232 1829 414 1891 noverunt.
469 1825 544 1889 Iam
572 1845 651 1889 vero
682 1826 881 1889 adolescens
905 1826 1144 1890 Hermannum
1176 1826 1347 1907 quendam

233 1917 459 1991 contractum,
492 1915 550 1997 qui
581 1914 777 1978 liberalium
808 1935 848 1978 ec
879 1918 1034 1999 tempore
1066 1915 1258 1977 studiorum
1283 1914 1347 1978 exi·
1367 1937 1394 1976 rs

233 2005 321 2067 mius
345 2004 532 2079 ferebatur,
562 2004 659 2067 cuius
690 2004 795 2068 etiam
826 2025 917 2066 nunc
942 2004 1110 2086 quaedam
1135 2002 1273 2086 egregia
1296 2023 1348 2067 ex-

232 2096 311 2156 tant
346 2092 521 2176 opuscula,
560 2096 718 2175 expetere
750 2093 894 2168 studuit,
931 2094 1025 2175 apud
1054 2112 1165 2174 quem,
1201 2095 1241 2154 ut
1275 2092 1348 2176 ipse

132 2197 134 2200 ·
234 2202 368 2266 01100110
398 2181 584 2258 fatebatur,
615 2180 715 2244 valde
747 2181 928 2264 proficiens
959 2179 1070 2243 multa
1102 2181 1143 2243 de
1170 2180 1232 2243 1110
1256 2201 1348 2262 prae·

236 2272 329 2336 clara
358 2291 497 2334 narrare
528 2270 670 2334 solebat.
724 2270 801 2332 Hoc
831 2271 948 2351 itaque
980 2268 1134 2332 discendi
1164 2269 1283 2332 ordine
1315 2273 1349 2332 et

234 2382 295 2445 per
325 2360 394 2424 alia
423 2380 557 2442 quoque
588 2359 664 2422 loca
693 2357 907 2422 studentium
939 2378 1031 2420 more
1062 2356 1239 2439 aliquanto
1267 2360 1349 2419 tem·
1368 2382 1394 2420 1ο

234 2470 315 2534 0010
350 2451 505 2532 vagatus,
540 2448 578 2509 in
611 2447 802 2511 iuventutis
838 2450 1018 2529 provectus
1049 2448 1197 2509 aetatem
1230 2445 1349 2508 multis

233 2539 386 2603 eiusdem
416 2537 565 2620 regionis
596 2536 736 2599 summis
768 2539 803 2600 et
827 2535 1001 2599 nobilibus
1025 2535 1106 2598 viris
1135 2534 1349 2599 innotescere

234 2628 356 2712 coepit,
387 2626 600 2708 maximeque
630 2626 725 2688 illius
760 2625 910 2688 civitatis
941 2625 1101 2708 episcopo
1113 2624 1132 2700 ¹,
1170 2645 1246 2687 cunr
1282 2644 1348 2705 0110

234 2718 337 2782 etiam
368 2719 488 2799 postea
519 2715 619 2776 illum
643 2713 910 2795 Iherosolymam
944 2712 1083 2795 petiisse
1111 2710 1289 2792 multaque
1312 2712 1347 2772 in

233 2807 356 2868 itinere
380 2803 440 2865 illo
457 2822 519 2885 pro
536 2800 675 2864 Christo
691 2801 845 2882 pericula
861 2801 986 2862 scimus
1009 2799 1115 2860 fuisse
1140 2817 1346 2880 perpessum.
1367 2819 1394 2858 25

340 2931 370 2988 4.
406 2925 457 2989 Eo
480 2944 560 2988 1010
583 2927 748 3008 tempore,
780 2943 847 3005 quo
870 2923 951 2984 urbs
976 2921 1076 3004 Spira
1098 2921 1134 2983 in
1157 2921 1271 2984 Rheni
1294 2920 1347 2982 lit-

232 3020 307 3081 tore
338 3015 451 3099 posita
480 3013 691 3097 paupercula
720 3016 756 3077 et
785 3014 958 3075 vetustate
989 3010 1141 3093 collapsa
1164 3030 1252 3092 pene
1278 3009 1347 3071 iam

234 3105 444 3188 episcopium
479 3123 552 3166 esse
588 3103 752 3177 desierat,
788 3101 1043 3183 imperatorum,
1080 3099 1139 3180 qui
1173 3119 1264 3162 nunc
1299 3097 1348 3161 ibi

234 3193 366 3258 conditi
389 3192 513 3265 iacent,
538 3191 653 3252 studio
678 3193 713 3252 et
736 3188 911 3270 religione,
936 3190 976 3248 ut
1000 3209 1091 3250 nunc
1114 3187 1164 3249 ibi
1185 3187 1347 3262 cernitur,

234 3283 421 3347 reformata
437 3278 622 3343 convaluit.
658 3277 735 3340 Hoc
752 3277 841 3340 enim
859 3275 985 3338 eisdem
1004 3275 1068 3357 piis
1084 3275 1349 3357 imperatoribus
1368 3297 1395 3335 so

233 3370 416 3433 ridebatur
439 3368 550 3431 inesse
575 3365 749 3428 laudabile
774 3367 902 3440 votum,
927 3366 976 3438 111,
1002 3363 1083 3445 quia
1098 3364 1134 3426 in
1150 3384 1256 3446 regno
1273 3363 1349 3425 fun-

235 3459 316 3521 dare
341 3457 575 3540 episcopatum
601 3475 642 3518 ex
665 3454 734 3516 suis
759 3452 888 3515 divitiis
913 3453 1126 3515 occasionem
1156 3474 1225 3515 non
1249 3451 1349 3515 habe·

235 3548 329 3624 bant,
354 3548 456 3620 huno,
489 3544 547 3626 qui
570 3544 636 3606 iam
662 3563 749 3626 pene
773 3540 890 3604 nullus
914 3543 998 3616 erat,
1029 3540 1256 3604 facultatibus
1280 3541 1349 3603 suis

234 3639 427 3700 restaurare
444 3653 593 3715 suaeque
608 3631 792 3696 memoriae
809 3631 967 3694 dedicare
983 3629 1159 3693 deberent.
1196 3627 1349 3710 Cumque

235 3775 257 3822 a)
277 3774 310 3811 ita
324 3772 345 3810 N
350 3786 358 3821 ,¹
377 3771 509 3819 Strsssburg
527 3771 592 3816 alra·
611 3769 786 3809 StrassburchS
851 3769 875 3816 b)
894 3767 1016 3816 literalis,
1035 3771 1055 3804 a
1072 3767 1173 3805 similiter
1191 3774 1350 3812 nonnumquam
1369 3761 1396 3800 tt

235 3830 256 3875 c)
271 3825 425 3865 conscholares
440 3825 466 3873 G,
481 3828 500 3862 et
513 3824 614 3861 similiter
626 3833 716 3871 semper.

237 3930 263 4000 1)
283 3932 323 3983 Dc
336 3930 481 3982 Wanhau
499 3930 624 3995 episcopo,
643 3931 692 3994 qai
709 3944 779 3980 anno
793 3931 870 3982 1027.
889 3943 907 3978 0
921 3927 1042 3978 warado
1055 3925 1092 3978 ΙΙ,
1112 3926 1271 3990 imperatore
1284 3922 1350 3974 Coa·

236 4003 436 4070 siaatiaopolim
461 4002 572 4066 missas,
601 4004 662 4050 teste
690 4000 797 4066 Wipcnc
824 4014 880 4066 000.
902 4001 945 4063 22,
974 3995 1190 4059 Hierosolymam
1213 3995 1351 4059 proficisci

236 4073 324 4141 voluit,
349 4073 394 4124 aad
414 4074 577 4137 prinsquam
605 4072 657 4121 itm·
681 4070 792 4136 00010010·
811 4071 908 4134 potnit,
934 4082 1005 4118 anno
1025 4067 1103 4120 1018.
1122 4065 1352 4130 Constantinopoli

236 4149 417 4208 ammantat,
432 4149 545 4209 propia·
563 4147 709 4206 temporam
726 4143 858 4191 rationem
876 4139 991 4202 copimri
1007 4152 1061 4187 non
1078 4142 1168 4201 potest.
1200 4137 1272 4187 Nam
1290 4141 1350 4186 ania
1367 4149 1396 4186 40

236 4231 338 4265 annam
365 4216 441 4267 1027.
468 4214 559 4264 Benna
583 4212 729 4278 discipulas
746 4211 912 4261 Herimaam'
928 4209 1072 4273 Aapicnsis
1097 4222 1168 4258 anno
1188 4210 1265 4262 1013.
1291 4207 1351 4256 nati

237 4301 289 4336 0000
307 4299 361 4336 mm
375 4286 472 4349 potnit.
506 4285 543 4334 At
561 4283 633 4334 nihil
649 4283 766 4346 impedit,
786 4282 927 4346 quominus
944 4280 1091 4341 0100100100,
1115 4278 1237 4330 Wnncri
1252 4290 1349 4327 000000-

236 4371 320 4408 sorem
334 4354 501 4406 Wilbalmam
514 4356 661 4420 episcopam
677 4351 1018 4416 (1029-1047)Benaone
1035 4351 1125 4401 comita
1136 4347 1348 4409 Hierosolymam

232 4427 386 4494 proficiam
404 4440 464 4488 asae,
483 4424 518 4488 cf.
533 4425 633 4488 Thym,
653 4424 753 4476 ‘Benna
771 4423 809 4476 ΙΙ,
829 4421 944 4486 Bathos
958 4437 1007 4474 aon
1026 4419 1191 4472 Osnabrr'ick'
1206 4435 1235 4483 0.
1248 4418 1290 4469 30.
