3262 5024
675 479 904 537 PRAEFATIO.
1292 482 1352 538 VH

236 662 299 744 Qui
314 662 373 744 uir,
397 661 541 743 quamuis
557 665 673 742 doctus,
691 661 778 743 pius,
797 663 951 744 prudeus,
969 669 1073 727 tamea
1082 683 1232 744 peruersa
1248 664 1352 729 auimi

230 751 362 817 coasilio
385 753 503 832 cedrus,
529 771 598 815 cum
614 753 829 816 demonstrare
844 753 981 816 studeret
994 758 1128 816 mmtem
1143 751 1169 815 I
1168 754 1351 834 burqeusem

231 846 326 904 totum
357 842 517 921 quoudam
547 839 692 904 abbatiae
721 839 821 919 fuisse
850 861 948 920 aeque
978 839 1150 920 quidquam
1178 847 1235 904 aut
1267 841 1351 906 iuris
1402 900 1406 910 ,
1470 885 1473 890 -

232 935 289 993 aut
304 927 514 1010 proprietatis
536 927 584 992 ibi
607 927 760 1008 episcopis
780 928 1076 1008 Osuabruqeusibus
1092 928 1351 1008 postfuudatmu

230 1017 458 1081 mouasterium
490 1015 599 1096 fuisse,
634 1017 794 1080 castellum
824 1021 927 1080 autem
957 1015 1130 1097 episcopale
1159 1018 1254 1080 multo
1277 1025 1352 1099 post

209 1127 354 1170 summa
384 1126 453 1168 cum
481 1104 706 1169 mouaclcorum
735 1103 863 1168 iuiuria
893 1103 1009 1185 lburqi
1039 1111 1246 1170 coustructum
1274 1127 1348 1189 esse,

229 1193 330 1257 ailam
344 1192 513 1258 Beuuouis
536 1195 580 1258 ad
601 1193 658 1258 boc
667 1192 865 1274 propositum
880 1199 991 1273 aptare
1006 1199 1098 1273 atque
1116 1197 1349 1260 accommodare

228 1281 338 1362 coepit.
389 1281 522 1346 Omissis
549 1281 651 1363 iqitur
680 1281 726 1345 eis
756 1280 920 1361 capitibus,
951 1301 1031 1360 quae
1061 1302 1116 1345 suo
1146 1281 1277 1347 coasilio
1304 1303 1349 1348 re-

224 1391 374 1452 puquare
402 1369 599 1451 oidebautur,
635 1369 755 1434 additis
784 1369 870 1449 aliis,
905 1391 986 1450 quae
1015 1371 1060 1434 ud
1087 1369 1124 1433 id
1145 1372 1349 1450 probaudmu

231 1459 347 1524 idouea
366 1459 508 1539 mutabat,
532 1458 665 1522 iusertis
689 1457 818 1538 obortis,
842 1479 921 1538 quas
945 1458 989 1521 ad
1009 1457 1238 1522 illustrandam
1257 1458 1349 1523 bisto-

230 1547 316 1612 riam
331 1547 500 1612 Beuuouis
522 1553 551 1610 et
567 1546 820 1634 primordiorum
837 1544 1029 1626 ‚mouasterii
1051 1565 1089 1609 eoo
1110 1546 1239 1610 arabico
1254 1547 1279 1610 I
1280 1548 1349 1612 bur·

228 1636 320 1718 qeusi
343 1636 485 1716 eleqerat,
511 1634 665 1716 plurimis
689 1633 765 1698 locis
787 1655 838 1698 res
861 1640 890 1698 et
911 1635 1007 1698 uerba
1030 1633 1196 1698 Nortberti
1218 1655 1348 1700 commu-

229 1731 313 1805 taus,
331 1738 333 1744 ·
348 1745 425 1804 opus
454 1722 620 1806 eqreqium,
656 1725 740 1804 quod
762 1725 986 1806 praedecessor
1018 1722 1247 1788 successoribus
1281 1723 1349 1790 suis

230 1812 396 1878 abbatibus
424 1819 453 1876 et
481 1812 645 1877 mouacbis
668 1812 693 1876 I
694 1811 900 1894 burqeusibus
929 1813 974 1876 od
995 1817 1158 1876 aeteruum
1179 1811 1350 1878 Beuuouis

229 1901 414 1966 memoriam
444 1901 625 1982 reliquerat,
657 1900 825 1966 crudeliter
855 1907 884 1964 et
912 1899 1022 1965 stolide
1045 1900 1234 1980 deformarit
1257 1907 1349 1983 atque

230 1990 423 2071 depraoaoit.
482 1990 651 2055 Geuuiuae
670 1989 767 2054 'oilae
797 1989 900 2055 codiee
930 1989 1027 2054 celato
1056 2010 1095 2054 ac
1124 1989 1247 2054 demum
1278 2011 1348 2072 sup

225 2100 344 2160 presso,
379 2080 576 2143 adulteratae
611 2100 649 2143 ac
681 2077 812 2142 uitiatae
840 2077 1026 2159 apoqrapba
1060 2077 1125 2142 tria
1159 2077 1224 2142 siue
1247 2079 1348 2160 plura

228 2167 328 2231 scribi
342 2166 438 2232 iussit
451 2173 544 2248 atque
558 2167 619 2231 luae
633 2167 750 2246 fraude
766 2166 983 2248 posteritatem
1000 2187 1061 2246 per
1076 2166 1153 2246 plus
1175 2188 1270 2247 quam
1286 2169 1347 2232 duo

230 2257 357 2320 saecula
385 2255 560 2336 iufeliciter
589 2255 713 2336 fefellit.
765 2255 844 2320 Cum
874 2255 958 2320 euim
987 2275 1063 2318 uera
1087 2255 1253 2320 Nortberti
1280 2255 1346 2320 oita
1367 2281 1387 2308 ν

229 2343 274 2408 im
290 2344 419 2409 arcbioo
440 2344 620 2410 Colouieusi
642 2344 807 2426 iucoqmita
829 2345 948 2424 lateret,
971 2343 1085 2424 spuria
1101 2343 1244 2424 primum
1260 2365 1346 2409 auuo

233 2439 327 2494 1723.
358 2435 398 2497 ab
428 2434 575 2498 Eccardo
604 2432 640 2498 iu
670 2435 804 2498 secuudo
835 2432 992 2498 uolumiuc
1021 2431 1171 2513 Corporis
1200 2432 1345 2498 bistorici

229 2519 326 2582 medii
361 2520 431 2583 aeoi
454 2543 490 2600 p.
515 2528 744 2602 stol—2194,
781 2523 893 2586 deiude
928 2541 1014 2585 auuo
1048 2527 1141 2584 1856.
1173 2543 1194 2585 α
1221 2521 1345 2602 Rapero

236 2607 398 2672 Wilmaus
433 2607 471 2672 iu
510 2608 707 2688 Scriptorum
751 2615 930 2672 uostrorum
972 2607 1128 2672 columiue
1166 2609 1345 2674 duodecimo

222 2717 259 2777 p.
277 2702 419 2760 58—84.
436 2696 522 2762 edita
545 2698 630 2778 est¹,·
653 2718 751 2778 ueque
773 2696 939 2778 quisquam
955 2702 1028 2762 aute
1042 2718 1070 2760 o.
1088 2697 1125 2761 cl.
1141 2697 1346 2763 Frideriuuu

229 2785 376 2866 Pbilippi
398 2787 435 2850 de
458 2785 563 2867 operis
584 2785 771 2868 incorrupta
793 2785 973 2868 iuteqritate
995 2784 1159 2850 dubitauit.
1199 2786 1346 2866 Quicum

227 2873 380 2940 historiae
402 2875 598 2956 episcopatus
620 2875 873 2956 Osuabruqeusis
895 2875 1022 2940 assidue
1046 2895 1173 2956 operam
1195 2877 1345 2941 uacaudo

228 2969 317 3026 acute
340 2969 369 3026 et
391 2964 549 3044 sapaciter
565 2964 778 3043 perspexisset
799 2986 846 3044 ea,
871 2984 951 3042 quae
973 2962 1011 3026 iu
1032 2963 1100 3027 uita
1118 2963 1202 3046 tqpis
1217 2965 1346 3046 oulqala

228 3052 266 3112 de
281 3049 472 3128 fundatioue
494 3049 682 3114 mouasterii
704 3053 936 3130 uarrabautur,
961 3071 1026 3115 uou
1044 3072 1120 3115 ocra
1136 3051 1265 3131 ideoque
1280 3074 1346 3118 uou

228 3159 251 3201 a
275 3139 446 3202 Nortberto
475 3137 595 3220 scripta
618 3159 691 3218 esse,
723 3139 799 3204 baec
829 3138 954 3220 quidem
983 3145 1012 3203 et
1038 3139 1107 3204 alia
1123 3161 1233 3220 pauca
1255 3147 1343 3222 recte,

228 3227 385 3290 uouuulla
419 3234 522 3292 autem
556 3227 640 3306 falso
674 3227 710 3292 iu
745 3227 953 3310 suspicimom
986 3228 1115 3310 uocauit,
1151 3235 1180 3293 et
1209 3251 1278 3294 cum
1308 3231 1346 3294 de

227 3315 353 3379 ratioue
368 3322 527 3397 tractaret,
553 3337 632 3397 quae
647 3317 732 3382 iuter
755 3317 853 3380 uitam
876 3325 1017 3382 uostram
1032 3323 1062 3381 et
1076 3323 1221 3398 eucerpta
1243 3339 1345 3383 auua-

227 3402 306 3468 lium
329 3404 565 3485 Ilurqeusium,
596 3405 782 3484 Ertmauui,
812 3405 921 3471 Wittii
949 3405 1160 3487 intercederet,
1186 3407 1286 3487 plaue
1308 3406 1345 3471 iu

227 3513 343 3573 maquo
366 3513 473 3557 errore
495 3500 637 3557 uersatus
660 3496 735 3558 est‘2.
779 3495 849 3574 Qua
871 3515 905 3556 re
928 3495 1149 3560 aduersarium
1172 3501 1344 3576 strenuum,

228 3580 368 3645 Paulum
385 3580 714 3661 Scmffer·Bucborst,
731 3582 890 3661 quoudam
905 3582 1043 3646 sodalem
1058 3589 1210 3663 uostrum,
1233 3583 1345 3662 iuiquo

225 3669 295 3747 sato
323 3689 424 3751 uuper
453 3668 568 3732 litteris
597 3675 743 3750 ereptum,
769 3668 961 3750 prouocauit,
998 3668 1053 3749 qui
1081 3690 1174 3750 aeuu,
1205 3690 1265 3750 quo
1294 3670 1346 3734 illi

227 3757 395 3840 scriptores
406 3757 492 3822 iuter
503 3778 535 3822 se
547 3755 721 3837 cobaerbut,
735 3758 906 3822 luculeuter
917 3756 1063 3839 euposito,
1080 3758 1209 3822 cbartas
1220 3758 1344 3840 quidem

227 3845 309 3911 oilae
331 3846 479 3925 iusertas,
508 3848 546 3912 de
568 3844 681 3927 quibus
703 3845 888 3927 Philippius
910 3867 975 3910 uou
999 3853 1113 3929 eperat,
1136 3846 1345 3928 iuterpolatas

228 3939 257 3995 et
279 3935 395 4014 paucis
425 3935 501 4002 locis
531 3940 646 4000 tectum
681 3940 860 4015 corruptum
894 3955 959 3998 esse
993 3935 1151 4016 coacessit,
1187 3938 1242 4000 sed
1275 3957 1344 4002 cum

228 4020 368 4100 reliquas
404 4024 488 4088 oilae
519 4029 631 4107 partes
661 4043 799 4106 prorsus
834 4021 993 4105 qeuuiuas
1037 4045 1101 4089 esse
1139 4025 1343 4105 couteuderet,

336 4194 362 4259 1)
384 4194 570 4247 Germanicam
582 4199 725 4250 oersioucm
738 4214 762 4252 a.
777 4199 854 4252 1866.
868 4197 906 4251 Μ.
919 4197 1078 4249 Hartmauu
1089 4200 1119 4248 iu
1133 4197 1344 4262 ‘Mittbeiluuqcn

227 4263 272 4315 des
291 4264 466 4316 bistorc'scbeu
484 4267 593 4318 Veretus
610 4285 645 4318 zu
664 4268 829 4320 Osuabrctclc’
846 4268 924 4335 VIII,
937 4271 988 4323 211
998 4285 1033 4322 ss.
1047 4270 1136 4320 edc'dtt.
1201 4270 1229 4337 2)
1250 4269 1345 4320 ‘Neues

228 4335 337 4387 Archio’
355 4336 450 4399 XXV,
471 4337 522 4390 767
535 4352 570 4390 ss.
609 4339 649 4402 Cf.
669 4355 737 4404 quoe
755 4339 827 4391 atate
846 4339 926 4390 Bloch
945 4341 1040 4390 ibidem
1054 4356 1084 4406 p.
1096 4341 1180 4395 835⁸.
