3262 5024
335 434 432 491 VITA
450 433 641 489 BENNONIS
660 433 700 489 Π.
719 431 893 488 EPISOOPI
912 433 1234 491 OSNABRUGENSIS.
1311 439 1346 492 39

230 623 399 703 coegerat.
446 618 547 682 Unde
577 617 642 680 tali
673 617 785 700 elogio
816 638 882 681 non
915 619 1028 680 minus
1051 639 1132 682 vero
1162 640 1264 700 quam
1288 619 1346 680 mi·
1366 627 1443 681 1088.

229 731 353 773 narum
395 711 430 771 et
464 707 663 770 iracundiae
698 706 800 790 pleno
836 707 1042 789 minimeque
1078 729 1139 791 pro
1174 707 1346 790 loquentis

231 797 438 862 auctoritate
463 795 654 878 spernendo
685 795 873 858 universisa
901 797 1020 859 statim
1051 797 1203 860 concidit
1230 797 1347 878 fragor

231 887 402 963 audatiae,
436 887 688 967 conceptaeque
712 885 891 948 vecordiae
921 879 1122 947 consiliumb
1150 886 1252 948 inane
1284 886 1347 948 dis-

199 976 356 1059 sparuit.
404 974 527 1056 Sisque
553 972 720 1056 paulatim
743 973 887 1036 redditis
911 973 1043 1047 animis,
1073 995 1157 1056 quos
1181 975 1346 1038 avaritiae

230 1067 327 1128 furor
343 1063 545 1138 abstulerat,
563 1082 683 1124 sanum
700 1062 815 1125 miseri
826 1082 945 1144 sapere
957 1063 1121 1144 gestiunt,
1138 1062 1347 1145 inhibitique

232 1153 369 1216 sceleris
392 1152 459 1214 iam
480 1152 767 1233 congratulantur
783 1151 926 1226 auctori,
951 1153 1054 1233 atque
1071 1152 1143 1214 eius
1159 1152 1219 1220 rei.
1244 1173 1346 1234 quam

232 1245 330 1304 tanto
362 1243 465 1304 antea
489 1240 659 1303 bachatu⁰
688 1240 853 1303 acerrime
876 1241 1173 1323 impugnaverant,
1206 1242 1347 1304 devotos

231 1331 455 1412 imposterum
487 1350 521 1392 se
553 1329 725 1411 spondent
759 1328 921 1411 praebere
951 1330 1114 1392 fautores.
1169 1329 1212 1391 In
1242 1351 1346 1392 unam

188 1447 213 1484 ιο
230 1420 348 1502 itaque
365 1418 498 1482 cunctis
514 1418 663 1481 redactis
679 1418 896 1492 sententiam,
914 1417 1111 1500 sepulturae
1123 1419 1347 1482 festinantius

231 1510 360 1572 instare
391 1509 591 1580 decernunt,
623 1507 703 1588 quia
734 1506 865 1568 diutius
890 1526 1012 1587 corpus
1037 1507 1163 1569 servari
1187 1507 1347 1570 nimietas

231 1619 301 1661 non
336 1595 493 1680 permisit
527 1589 703 1658 aestatisd.
757 1595 825 1658 Sed
860 1615 937 1657 cum
968 1615 1070 1677 super
1099 1596 1164 1658 hac
1194 1616 1231 1659 re
1261 1596 1347 1657 Min·

233 1686 346 1750 densis
379 1687 618 1768 expectaretur
648 1683 850 1766 episcopus1
881 1687 916 1746 et
944 1683 1014 1746 iam
1045 1684 1184 1748 minime
1207 1685 1347 1747 futurus

234 1778 403 1838 statutum
434 1773 631 1837 crederetur
662 1773 705 1834 ad
737 1775 882 1855 tempus,
915 1772 988 1835 eius
1012 1772 1131 1836 abbati
1154 1773 1348 1855 iniungitur

190 1889 215 1928 1⁵
235 1864 397 1940 officium,
423 1862 514 1944 quod
538 1862 642 1926 tertio
667 1861 901 1925 defunctionis
926 1862 998 1924 eius
1016 1861 1071 1924 die
1088 1883 1164 1925 cum
1181 1863 1347 1926 fratribus

233 1956 268 2016 et
292 1953 383 2017 clero
407 1952 634 2033 universoque
658 1950 786 2034 populo
810 1950 1007 2012 tristissima
1031 1951 1178 2032 quidem,
1210 1952 1270 2015 sed
1294 1952 1348 2014 de·

231 2040 644 2104 votissimaexhibitione
669 2038 862 2120 complevit.
900 2037 982 2100 Post
999 2039 1084 2102 haec
1101 2043 1218 2103 autern
1242 2040 1348 2104 abbas
1404 2034 1405 2038 ’

233 2130 418 2193 stabilitati
454 2129 522 2192 loci
559 2129 662 2211 atque
692 2127 840 2190 utilitati
875 2127 1053 2191 consulere
1087 2128 1205 2192 volens
1239 2130 1347 2192 totius

233 2219 493 2281 multitudinem
518 2216 600 2281 cleri
617 2217 818 2280 convocavit
834 2236 996 2292 seorsum,
1021 2217 1250 2280 fraternitatis
1270 2239 1348 2280 cum

187 2307 280 2372 meis
305 2311 345 2371 et
364 2307 559 2390 spiritualia
583 2307 757 2370 societatis
780 2306 921 2370 foedera
938 2305 1191 2383 concelebrans,
1217 2311 1256 2369 ut
1279 2307 1347 2369 iam

233 2394 507 2476 Osnabrugensis
540 2394 684 2458 ecclesia
714 2395 795 2458 huic
818 2402 956 2458 nostrae
986 2416 1056 2458 non
1080 2398 1152 2458 tam
1176 2398 1348 2479 potestate

233 2505 336 2564 quarn
360 2483 505 2544 caritate
529 2487 639 2564 mater
664 2486 752 2546 esset
776 2486 812 2546 et
836 2485 983 2560 domina,
1009 2506 1048 2548 ac
1073 2486 1140 2547 sie⁰
1169 2486 1348 2566 utriusque

233 2571 296 2632 filii
331 2591 392 2653 per
426 2590 527 2633 omne
561 2571 722 2652 deinceps
755 2573 920 2654 temporis
955 2574 1106 2656 spatium
1140 2575 1349 2637 unanimiter

234 2659 386 2734 consilio,
419 2658 601 2734 adiutorio,
633 2658 882 2737 benevolentia,
914 2663 1079 2725 orationis
1110 2663 1348 2726 communione

189 2774 214 2814 rs
234 2747 299 2810 sibi
322 2767 455 2831 semper
477 2747 622 2811 invicem
648 2749 861 2812 sociarentur
883 2750 920 2812 in
943 2772 1036 2833 pace.
1076 2751 1152 2814 Illis
1172 2755 1288 2814 autem
1311 2752 1348 2813 in

233 2857 293 2898 sua
317 2837 470 2912 reversis,
496 2837 603 2900 abbas
621 2838 705 2902 item
723 2838 814 2902 circa
833 2839 966 2902 animae
987 2840 1134 2903 salutem
1155 2833 1344 2904 sollicitusf

232 2925 323 2988 infra
345 2926 491 3008 triginta
514 2925 649 2988 dierum
672 2927 826 3008 spacium
850 2927 1080 2988 continuatim
1095 2929 1261 2991 fratribus
1283 2930 1348 2993 sibi

232 3035 293 3097 per
315 3014 407 3077 vices
431 3012 695 3076 succedentibus
726 3015 771 3075 ad
799 3012 1020 3094 sepulchrum
1044 3015 1254 3096 psalmodiae
1278 3039 1347 3080 ora-

232 3103 362 3166 tionem
393 3121 466 3165 esse
497 3100 689 3164 constituit.
736 3101 781 3162 Et
805 3101 885 3183 quia
908 3103 1084 3164 nondumg
1109 3105 1195 3166 tecti
1220 3107 1348 3187 perfec·

188 3219 214 3257 so
232 3193 327 3256 tione
343 3193 524 3255 constante
540 3189 715 3252 interdum
732 3190 956 3253 turbarentur
971 3190 1108 3272 pluviae
1124 3192 1347 3256 infestatione

232 3280 429 3364 psallentes,
454 3279 668 3362 tuguriolum
692 3299 733 3342 ex
756 3279 860 3362 lignis
882 3279 981 3342 iuxta
1009 3281 1209 3364 composuit,
1241 3286 1281 3344 ut
1311 3283 1348 3344 in

233 3370 305 3434 eius
329 3368 552 3434 absconsione
576 3368 741 3432 orationis
764 3369 932 3431 instantia
955 3390 1024 3431 non
1039 3371 1348 3454 interrumperetur

233 3459 414 3522 aturbine
445 3461 480 3520 et
511 3479 531 3520 a
554 3457 681 3580 pluvia.
727 3458 853 3521 Postea
883 3463 999 3522 autem
1030 3461 1237 3542 procedente
1266 3464 1348 3525 tem·

232 3567 314 3629 pore
339 3545 572 3610 mauseolum¹
595 3546 654 3622 ibi,
679 3547 759 3628 quia
782 3547 932 3610 metallis
955 3569 1024 3610 non
1041 3550 1164 3631 potuit,
1190 3553 1347 3614 extructo

189 3661 214 3698 a
234 3636 417 3718 lapidibus
450 3635 551 3698 breve
577 3635 793 3718 epitaphium
816 3636 945 3719 sepulti
967 3639 1166 3700 memoriam
1191 3638 1347 3702 absolute

232 3724 388 3788 indicans
412 3725 465 3787 his
488 3724 664 3806 inscripsit
686 3725 879 3788 versiculis:

277 3813 361 3892 Quis
385 3815 458 3888 sim,
483 3813 618 3888 lecturi,
644 3815 734 3894 quod
759 3835 844 3891 sum,
869 3815 1073 3897 quandoque
1097 3815 1218 3893 futuri,
1370 3830 1428 3900 (42)

322 3903 453 3966 Dicite:
478 3901 621 3966 Praesul
647 3895 767 3977 tavei,
794 3903 912 3966 Benno
939 3899 1135 3985 perhennek
1154 3905 1241 3970 vale.

279 3986 389 4064 Quem
413 4011 488 4053 mea
511 4011 588 4073 spes
612 3991 747 4066 struxit,
781 3991 875 4054 locus
907 3993 963 4056 hic
997 4013 1073 4056 mea
1102 3994 1226 4059 funera
1249 3994 1347 4071 luxit,

188 4123 215 4161 40
322 4075 378 4151 Te,
405 4077 484 4152 luli,
507 4079 624 4142 novies
648 4083 718 4142 tres
742 4083 928 4163 peragente
952 4081 1034 4144 dies.

233 4209 256 4262 a)
270 4213 302 4249 r'ta
316 4211 348 4259 0,·
367 4211 485 4250 universus
500 4211 582 4259 SNIE;
601 4224 655 4262 quac
669 4216 730 4254 lectio
744 4220 829 4254 rectane
842 4218 877 4266 sit,
892 4217 965 4256 dubito
1021 4217 1044 4267 b)
1060 4216 1162 4266 disperiit
1176 4223 1199 4258 et
1213 4221 1264 4262 cdd.
1280 4221 1352 4260 SNIE

234 4267 254 4314 o)
268 4265 379 4304 bacchatu
393 4275 465 4303 omncs
505 4262 528 4314 d)
542 4267 652 4303 aeratus
693 4270 714 4316 e)
728 4269 800 4317 Μὴ·
815 4270 916 4309 siSNIll'
954 4269 1112 4321 OsolicitusG
1153 4273 1177 4322 g)
1192 4274 1259 4312 totius
1272 4275 1350 4324 templi

234 4321 286 4362 add.
300 4318 372 4358 sm
411 4318 435 4365 h)
448 4319 481 4356 ita
494 4317 526 4364 G,-
541 4319 691 4357 mausolaeum
706 4321 778 4359 snm
816 4322 832 4372 i)
846 4323 904 4362 habe
919 4334 991 4363 omncs
1031 4325 1058 4372 k)
1072 4325 1104 4362 ita
1119 4327 1147 4372 s,·
1161 4337 1258 4374 perenne
1268 4327 1349 4370 GNIE.

235 4424 263 4492 1)
281 4425 447 4478 Folcmarus.
