3262 5024
263 411 298 464 22
369 405 466 462 VITA
484 405 677 460 BENNONIS
696 404 736 461 II.
755 403 930 460 EPISOOPI
949 403 1274 460 OSNABRUGENSIS.

263 591 322 673 qui
333 590 401 654 alio
411 590 550 654 nomine
561 588 747 672 Gregorius
757 589 946 666 dicebatur,
957 589 1160 652 inimicitiae
1168 589 1379 664 ferebantur,

264 681 406 762 accepta
428 682 546 742 tamen
570 700 591 742 a
612 699 693 762 rege
709 678 850 742 licentia
864 678 1008 742 Romam
1024 679 1200 762 profectus
1211 678 1231 755 1,
1255 699 1380 762 papam

263 767 363 830 illum
387 768 483 844 adiit,
509 771 544 831 et
568 767 731 850 quiequid
748 787 850 850 super
866 766 1105 831 decimationis
1120 766 1214 830 illius
1230 767 1381 848 recogni-

263 855 359 919 tione
390 859 570 930 statuerat,
604 856 785 940 apostolici
814 856 909 920 illius
940 876 1097 920 assensus
1127 858 1163 920 et
1193 856 1381 919 auctoritas

263 944 419 1009 Romana
457 945 617 1008 firmabat
627 946 648 1006 ².
695 945 806 1008 'Panto
842 945 933 1010 enim
968 965 1004 1008 se
1038 947 1113 1009 toto
1147 945 1209 1008 illo
1241 944 1413 1014 turbines

264 1033 432 1097 bellorum
458 1035 663 1118 prudentiae
686 1034 843 1097 veritatis
868 1037 903 1097 et
927 1034 1008 1097 fidei
1032 1034 1214 1116 utrobique
1231 1035 1380 1097 modera-

262 1123 358 1186 tione
382 1122 542 1196 librabat,
567 1123 665 1185 utin
689 1125 836 1205 utraque
860 1142 993 1205 semper
1017 1123 1048 1186 ei
1072 1127 1170 1205 parte
1186 1123 1259 1187 sine
1276 1123 1380 1206 suspi-

263 1212 361 1276 cione
396 1214 432 1275 et
466 1212 589 1274 timore
624 1211 817 1275 conversari
851 1211 988 1287 liceret;
1028 1231 1091 1276 nec
1128 1232 1188 1275 rex
1217 1232 1378 1294 unquam,

262 1299 417 1383 quamvis
447 1300 540 1364 inter
563 1300 679 1364 hostes
702 1320 781 1362 suos
806 1320 885 1364 eum
908 1319 1045 1363 manere
1068 1300 1211 1376 videret,
1241 1301 1284 1364 <le
1307 1300 1379 1364 eius

263 1388 433 1452 fidelitate
463 1388 663 1472 ambigeret,
695 1409 759 1452 nec
783 1389 830 1465 hi,
862 1388 1016 1471 quamvis
1046 1389 1119 1471 regi
1143 1389 1378 1452 fidelissimum
1400 1421 1426 1459 10

263 1497 335 1542 esse
365 1498 436 1541 non
465 1477 676 1554 dubitarent,
711 1476 854 1540 insidias
887 1497 1039 1560 unquam
1074 1479 1115 1542 de
1150 1478 1223 1541 eius
1257 1478 1380 1542 fraude

262 1567 435 1630 timerent.
481 1566 588 1629 Porro
620 1587 690 1644 nos,
722 1567 783 1649 qui
813 1568 898 1630 haec
928 1565 1075 1630 strictim
1106 1587 1209 1650 super
1237 1567 1380 1630 decima·

261 1656 358 1718 tione
382 1653 640 1737 Osnabrugensi
670 1655 861 1730 retulimus,
893 1654 1044 1737 plurima
1073 1675 1176 1719 causa
1200 1655 1380 1720 brevitatis

263 1743 507 1827 praetergressi
530 1763 657 1820 sumus,
688 1743 724 1805 id
749 1743 859 1807 solum
883 1743 919 1806 in
943 1744 1009 1807 hoc
1032 1745 1197 1827 opusculo
1221 1745 1380 1808 sufficere

262 1832 479 1908 arbitrantes,
504 1831 586 1915 quia
608 1865 651 1874 -
674 1833 767 1914 quod
789 1834 890 1896 tanto
913 1833 1076 1916 temporis
1095 1834 1217 1915 spatio,
1242 1833 1378 1917 quippe,
1399 1864 1426 1904 1⁶

262 1924 302 1984 ut
324 1921 447 1997 fertur,
474 1921 517 1985 ab
548 1921 693 2004 imperio
723 1921 773 2004 pii
795 1922 1013 2004 imperatoris
1036 1922 1222 2000 Ludowici,
1254 1923 1380 2006 episco·
1450 2000 1455 2011 Ι

262 2013 382 2093 patum
407 2011 512 2073 istum
536 2010 799 2093 incomparabili
822 2011 948 2074 damno
972 2014 1007 2075 et
1031 2012 1231 2095 gravissima
1247 2032 1380 2095 semper

262 2099 448 2181 iniquitate
465 2099 622 2176 vexabat,
649 2119 832 2181 omnesque
857 2100 960 2163 huius
980 2101 1070 2164 sedis
1093 2101 1268 2184 praesules
1291 2121 1379 2164 acer·

261 2188 348 2251 rimo
383 2188 498 2252 studio
532 2189 673 2272 iugique
707 2188 824 2252 labore
859 2209 941 2252 snae
978 2190 1122 2271 quisque
1156 2190 1379 2253 successionis

262 2278 348 2341 serie
371 2277 536 2360 repetisse
560 2277 725 2354 sciuntur,
752 2278 834 2340 dum
853 2277 1014 2360 gravibus
1031 2297 1166 2359 quoqne
1182 2278 1379 2360 saepissime
1398 2300 1425 2339 ro

261 2365 397 2428 iniuriis
421 2366 539 2428 affecti
562 2364 606 2427 ab
622 2366 760 2448 incepto
777 2369 894 2429 tamen
911 2367 1077 2430 deterreri
1092 2387 1162 2430 non
1178 2370 1318 2451 possent
1337 2401 1377 2409 -

262 2453 355 2517 solus
385 2453 451 2518 iste
481 2453 610 2517 virtute
638 2453 884 2518 inaestimabili
907 2455 1169 2538 incessabilique
1193 2454 1310 2520 labore
1335 2456 1379 2518 ad

262 2543 365 2606 finem
389 2563 497 2625 usque
520 2543 672 2607 feliciter
695 2544 866 2626 perduxit,
892 2547 928 2608 et
951 2565 1111 2628 sponsam
1127 2566 1223 2608 suam
1240 2545 1378 2626 proprio

260 2632 443 2715 privilegio
468 2632 559 2695 dctis
582 2635 682 2695 tanto
700 2633 924 2714 despoliatam
942 2635 1097 2714 tempore
1114 2633 1231 2696 debito
1248 2633 1378 2696 honore

261 2721 397 2802 pristini
422 2720 553 2782 decoris
577 2720 721 2794 ornavit,
747 2720 840 2800 apud
857 2739 958 2798 quam
976 2721 1103 2798 absque
1123 2719 1228 2781 dubio
1253 2737 1423 2780 nomena

261 2809 333 2871 eius
358 2808 525 2889 perpetua
557 2806 622 2868 erit
651 2806 688 2866 in
715 2805 818 2868 laude
842 2807 877 2868 et
901 2805 1098 2868 memoriale
1122 2805 1194 2868 eius
1217 2806 1254 2867 in
1279 2805 1377 2869 bene·

260 2895 470 2959 dictionibus
494 2893 720 2977 sempiternis.
757 2892 794 2956 Si
817 2892 906 2957 enim
932 2893 1025 2957 hisce
1043 2893 1192 2956 inserere
1209 2894 1374 2977 cupimus,

260 2988 408 3067 quantos
435 3004 495 3066 per
518 2983 704 3046 triennium
730 3003 861 3066 pauper
886 2985 921 3046 et
937 2981 1016 3045 exul
1032 2982 1166 3046 labores
1183 2982 1374 3066 pertulerit,

259 3073 419 3155 quotiens
449 3072 612 3136 iniuriose
643 3072 800 3155 repulsus
836 3093 905 3135 non
940 3071 1181 3154 desperaverit,
1218 3071 1376 3154 quotiens

259 3160 408 3225 induciis
431 3161 552 3244 positis
576 3161 620 3224 ad
633 3161 756 3224 -locum
781 3161 1010 3224 constitutum
1031 3160 1161 3223 frustra
1176 3160 1374 3243 perrexerit,
1396 3182 1421 3221 eo

260 3250 417 3332 quotiens
446 3250 590 3314 Romam
621 3249 702 3312 ierit
729 3269 923 3331 omnesque,
956 3250 998 3312 de
1029 3270 1173 3331 quorum
1204 3249 1376 3313 adiutorio

259 3338 510 3421 praesumebat,
528 3337 677 3402 offensos
692 3339 898 3414 invenerit⁸,
916 3337 1066 3420 qualiter
1079 3337 1185 3401 barba
1201 3341 1375 3403 crescente

258 3426 376 3490 vultus
399 3427 561 3490 notitiam
585 3425 832 3490 dissimulando
853 3425 1026 3504 celaverit,
1051 3428 1209 3509 quotiens
1225 3427 1374 3500 iamiam,

258 3519 298 3579 ut
328 3515 401 3598 ipse
432 3515 588 3599 putabat,
621 3515 714 3579 omni
743 3517 884 3598 negotio
914 3518 1054 3599 peracto
1087 3516 1226 3579 domum
1249 3516 1376 3580 reverti

259 3605 415 3688 cogitans
445 3625 548 3668 ausus
577 3605 689 3669 redire
720 3625 789 3668 non
818 3605 935 3682 luerit,
971 3605 1120 3688 qualiter
1151 3605 1255 3669 etiam
1285 3604 1375 3687 regis
1394 3628 1420 3667 es

259 3695 387 3759 curiam
413 3693 601 3758 miserabili
624 3694 742 3758 labore
762 3694 924 3778 turpique
941 3697 1094 3776 egestate
1112 3697 1266 3777 pertesus
1283 3694 1375 3778 apud

258 3784 395 3860 amieos,
432 3784 460 3845 si
491 3803 575 3865 quos
605 3783 641 3845 in
672 3783 797 3847 exteris
832 3783 1031 3866 regionibus
1064 3783 1218 3846 invenire
1250 3782 1373 3865 potuit,

258 3955 280 4006 a)
294 3957 327 3994 sta
341 3956 425 4004 suin,-
445 3954 559 3995 inveniret
572 3956 598 3996 a.
674 3927 676 3932 ¹

260 4096 285 4162 1)
303 4097 453 4149 Bmmomm
472 4098 506 4148 ab
518 4097 645 4148 Heinrico
663 4099 741 4149 initio
759 4114 785 4151 a.
801 4099 878 4154 1078.
891 4103 914 4149 ct
927 4112 984 4148 uere
996 4112 1022 4148 a.
1037 4098 1113 4150 1079.
1133 4096 1246 4147 Romam
1264 4099 1375 4148 miserem

258 4183 311 4219 mse
328 4169 433 4232 scimus,
452 4169 488 4232 cf.
507 4169 598 4234 Meyer
615 4183 665 4219 von
678 4168 805 4235 Kmmmu,
826 4167 1007 4220 ‘Jahrmcmr
1022 4167 1166 4219 Heinricbs
1177 4167 1238 4222 [VJ
1257 4167 1313 4232 III,
1331 4169 1373 4222 98.
1392 4186 1419 4224 ro

258 4239 319 4293 209.
356 4238 407 4289 sm
424 4239 502 4290 verba
521 4239 658 4292 Northerti
675 4239 754 4302 infra
774 4240 791 4292 l.
805 4241 848 4293 31.
867 4241 1015 4303 insinuant,
1035 4255 1093 4290 curn
1107 4239 1212 4304 pluries
1230 4241 1309 4290 etiam
1328 4239 1375 4289 boc

258 4309 337 4360 exilii
352 4313 465 4375 tempore
483 4310 596 4361 Romam
614 4311 699 4363 ivisse.
789 4311 817 4377 2)
840 4309 1017 4376 Privileqimm
1037 4309 1173 4376 armeris,
1199 4313 1275 4362 cuius
1295 4313 1374 4362 etiam

257 4379 377 4432 Annales
395 4379 552 4444 leuraam
572 4383 640 4436 1083
659 4383 815 4433 mentionem
833 4381 948 4447 faciunt,
966 4397 1021 4434 mon
1038 4387 1163 4449 superest.
