3262 5024
220 1259 401 1323 INCIPIT
423 1259 688 1324 PRAEFATIO
712 1260 765 1324 IN
789 1260 940 1324 VITAM
964 1262 1205 1328 BENNONIS

153 1347 366 1413 EPISOOPI
379 1347 698 1502 OSNABRffiffl
698 1349 781 1501 {1sz
783 1349 885 1500 I{¹1le
887 1350 1090 1416 DATORIS
1102 1353 1135 1415 N
1138 1351 1272 1418 esrai

258 1561 451 1626 Multorum
475 1582 576 1644 saepe
605 1561 820 1643 negligentia
843 1562 1008 1626 accidisse
1034 1563 1199 1641 videmus,
1231 1569 1271 1628 ut

120 1671 205 1714 ores
229 1671 290 1713 suo
321 1653 477 1733 tempore
500 1653 615 1732 gestas
646 1652 681 1712 et
707 1653 799 1714 certe
823 1650 988 1714 memoria
1012 1651 1134 1735 dignas
1157 1652 1208 1716 Ita
1232 1653 1271 1717 si-

152 1739 260 1804 lentio
285 1739 501 1822 praeteriisse
531 1738 623 1821 passi
652 1739 756 1816 since,
787 1741 979 1816 uteorum,
1009 1741 1068 1822 qui
1094 1761 1148 1805 res
1178 1763 1271 1824 prae·

153 1821 265 1892 clareb
293 1831 483 1910 gesserunt,
511 1827 610 1890 nulla
634 1828 679 1889 sit
702 1827 848 1910 posteris
871 1830 1072 1892 transmissa
1095 1831 1269 1894 memoria.

153 1915 253 1995 Quod
276 1937 349 1993 nos,
375 1917 434 1998 qui
457 1919 597 1980 auctore
614 1915 689 1980 Deo
712 1916 747 1977 in
768 1917 833 1979 hoe
855 1916 1040 1999 Iburgensi
1062 1920 1270 1983 monasterio

154 2005 291 2070 Christo
322 2005 521 2080 milltamus,
554 2005 596 2067 de
626 2004 816 2068 venerabili
846 2008 993 2086 patrono
1023 2010 1142 2070 nostro
1166 2005 1270 2071 Osna·

108 2120 134 2158 10
153 2095 315 2176 brugensi
347 2094 506 2177 episcopo
529 2092 696 2156 Bennone
726 2093 877 2157 secundo
908 2093 1047 2157 omnino
1077 2095 1187 2159 vitare
1216 2117 1269 2159 eu·

153 2183 295 2267 pientes,
320 2182 371 2245 ita
395 2202 472 2245 eum
497 2181 748 2245 successoribus
772 2183 909 2258 nostris,
941 2183 1000 2264 qui
1031 2183 1147 2246 divino
1177 2204 1270 2246 man·

153 2271 260 2354 cipati
290 2271 429 2335 servitio
460 2272 552 2334 hunc
582 2270 674 2333 forte
704 2270 818 2333 locum
849 2273 929 2333 sunt
959 2271 1161 2348 habitaturi,
1191 2272 1269 2334 inti·

153 2381 246 2423 mare
263 2361 461 2440 satagimus,
485 2362 525 2421 ut
549 2361 591 2422 de
607 2359 680 2422 vita
695 2359 847 2422 moribus
866 2359 1040 2441 gestisque
1064 2359 1136 2423 eius
1159 2381 1270 2443 pauca

154 2448 426 2531 perstringentes
454 2451 489 2510 et
513 2447 734 2528 multiloquio
761 2468 823 2529 pro
846 2447 990 2529 penuria
1017 2447 1181 2512 scientiae
1204 2469 1269 2513 ser·

110 2536 332 2616 minimisque
362 2534 498 2598 vilitate
529 2539 708 2617 parcentes
738 2536 775 2597 id
806 2537 952 2598 maxime
983 2536 1172 2600 intendisse
1202 2557 1268 2600 cer·

154 2644 286 2700 namur,
311 2626 482 2704 quatenus
498 2623 571 2705 ipse
587 2622 754 2685 fundator
768 2624 886 2686 noster
902 2626 937 2686 et
959 2626 1110 2686 structor
1132 2626 1271 2687 tantum

154 2713 290 2776 assidue
320 2713 357 2775 111
392 2711 468 2775 1000
498 2711 563 2774 hoc
597 2711 736 2774 iuvetur
770 2712 909 2788 orando,
946 2715 986 2774 ut
1016 2731 1051 2776 se
1082 2713 1155 2796 spei
1189 2733 1271 2777 suae

154 2801 278 2866 solatio
307 2801 436 2865 iniuste
467 2800 611 2865 (11111111
635 2799 709 2864 Deo
741 2801 904 2881 conqueri
933 2800 1023 2864 iuste
1054 2822 1123 2864 non
1152 2802 1269 2883 possit.

119 2937 121 2942 -
153 2891 203 2955 Ut
233 2885 324 2954 enim
356 2891 429 2973 ipse
458 2889 638 2953 nobiscum
671 2909 772 2970 saepe
804 2889 1010 2952 familiarius
1042 2890 1186 2971 loquens
1216 2890 1271 2953 ad·

109 2980 263 3043 11111110
283 2979 430 3042 iocando
447 2976 589 3053 solebat,
611 2977 705 3039 omni
720 2977 776 3039 (111
796 2978 838 3040 (11
858 2980 995 3040 nostrae
1015 2978 1191 3041 servitutis
1211 2979 1270 3042 im-

155 3087 261 3150 pensa
283 3067 357 3130 vita
380 3065 566 3128 defunctus
597 3064 781 3147 prandium
812 3064 877 3128 sibi
908 3069 1087 3148 expectare
1118 3067 1268 3144 debebit,

155 3153 310 3217 oratione
334 3147 518 3216 videlicetsl
545 3153 694 3217 animam
718 3153 829 3235 pasci,
862 3155 897 3216 et
921 3154 1012 3235 quod
1036 3155 1118 3237 ipse,
1148 3159 1270 3238 utpote

153 3243 343 3306 innumeris
366 3242 573 3306 secularium
596 3242 821 3317 tumultuum,
852 3263 937 3323 quos
967 3243 1033 3306 hoc
1056 3243 1093 3304 in
1116 3248 1270 3327 tempore

154 3332 360 3396 debacharie
388 3332 553 3409 videmus,
586 3331 735 3414 negotiis
758 3331 988 3414 praepeditus,
1016 3331 1052 3393 in
1078 3331 1145 3396 Dei
1168 3353 1270 3415 opere

108 3445 135 3484 ss
153 3421 267 3484 minus
295 3421 462 3502 implevit,
498 3424 611 3485 totum
641 3420 677 3483 id
707 3420 773 3483 sibi
797 3418 872 3483 Deo
902 3419 959 3484 hic
989 3439 1109 3502 perse
1133 3442 1270 3504 congre-

153 3513 252 3594 gatos
275 3509 462 3572 iustissime
485 3529 744 3592 recompensare
775 3507 944 3590 sperabat.
992 3507 1155 3585 Quamvis
1179 3511 1270 3574 enim

154 3619 247 3662 more
279 3619 406 3675 eorum,
439 3598 497 3679 qui
527 3617 654 3680 agones
684 3597 873 3679 martyrum
903 3615 964 3659 seu
986 3597 1075 3659 vitas
1106 3599 1270 3681 scripsere

154 3691 361 3761 sanctorum,
393 3687 638 3750 miraculorum
667 3686 766 3767 signa
796 3686 831 3748 et
860 3683 1031 3746 virtutum
1054 3685 1204 3768 insignia
1227 3687 1270 3750 de

154 3796 194 3840 eo
229 3777 357 3841 referre
387 3797 456 3838 non
486 3775 664 3858 possimus,
700 3773 863 3856 pleraque
893 3776 1012 3836 tamen
1042 3773 1129 3838 bene
1156 3775 1270 3838 vivere

109 3889 137 3928 ao
154 3866 375 3929 studentibus
405 3865 575 3927 imitanda
605 3862 677 3926 eius
706 3862 802 3924 facta
825 3861 988 3939 dicemus,
1020 3883 1107 3944 quae
1135 3884 1197 3927 suo
1221 3885 1270 3928 or·

156 3953 236 4015 dine
260 3956 296 4015 et
318 3954 403 4026 loco,
436 3957 538 4036 prout
561 3951 746 4016 memoriae
770 3951 993 4028 occurrerint,
1024 3951 1160 4035 plenius
1184 3953 1269 4016 inse-

155 4040 262 4104 renda
285 4044 465 4122 ponentur.
501 4041 578 4117 Sed,
603 4040 736 4103 utiam
759 4059 821 4102 nos
844 4040 1060 4122 praemisisse
1076 4040 1268 4118 recolimus,

155 4149 225 4192 non
249 4148 288 4192 eo
312 4127 415 4190 huius
439 4129 597 4211 opusculi
620 4130 755 4211 spectat
778 4128 937 4204 intentio,
962 4131 1002 4191 ut
1025 4129 1096 4192 vita
1121 4129 1193 4193 eius
1218 4150 1270 4193 ex-

153 4218 238 4281 teris
268 4215 430 4297 gentibus
457 4221 595 4281 nostrae
619 4217 827 4280 narrationis
851 4217 985 4280 ambitu
1009 4216 1181 4300 descripta
1205 4217 1269 4281 cla-

108 4393 135 4434 15
153 4389 317 4436 1)11111ΝΙΕ,·
336 4393 387 4428 sunt
401 4388 419 4425 G
486 4388 510 4436 b)
524 4389 556 4426 ita
570 4389 602 4435 6,·
618 4389 745 4437 praeclaras
760 4387 833 4427 sm
896 4385 1029 4436 1111111111
1044 4399 1122 4439 ornnes,
1137 4391 1270 4430 assimiliter

153 4444 239 4492 saepius
299 4440 324 4492 (1)
338 4442 452 4482 insinuans
466 4442 517 4484 add.
531 4441 605 4480 SNIE
664 4439 833 4488 1)(111111111111
848 4441 874 4482 G.

206 4549 258 4588 vie
272 4549 391 4591 semona.
1042 4534 1056 4584 1
