3262 5024
276 451 311 504 20
383 446 479 502 VITA
498 444 690 500 BENNONIS
708 445 748 501 H.
767 444 941 500 EPISGOPI
960 443 1283 500 OSNABRUGENSIS.

275 631 507 714 praemiorum
522 629 794 712 recompensatio
810 629 1010 711 largitione;
1037 629 1176 712 eiusque
1195 627 1391 691 voluntaria

275 723 470 803 paupertas,
495 720 551 782 cui
574 739 667 782 nuno
691 737 750 781 rex
765 717 874 780 tantis
890 717 1153 782 necessitatibus
1170 717 1390 799 praepeditus

274 808 425 892 pleniter
448 807 628 871 subvenire
652 827 722 869 non
745 806 870 889 potuit,
900 827 960 891 spe
985 806 1101 888 aliqua
1122 806 1263 869 futurae
1287 804 1390 868 abun·

276 896 417 960 dantiae
440 897 588 960 recreari
612 897 818 978 expectaret.
858 895 1003 970 Deinde,
1028 895 1088 977 qui
1112 915 1186 957 earn
1211 893 1388 970 baberent,

273 985 343 1047 iam
367 985 471 1048 etiam
496 987 610 1049 essent
633 986 749 1048 hostes
768 983 898 1067 publici
922 987 958 1048 et
981 983 1178 1047 omnimoda
1193 1003 1213 1044 a
1228 996 1311 1066 rege'
1328 1003 1424 1065 pros

275 1094 356 1138 suae
386 1073 549 1156 perfidiae
580 1073 711 1136 meritis
741 1073 914 1136 calumnia
944 1076 979 1137 et
1010 1072 1108 1136 clade
1138 1071 1323 1154 plectendi,
1355 1073 1391 1133 et

274 1163 437 1244 quicquid
462 1182 502 1224 ex
526 1163 645 1224 eadem
670 1161 898 1224 decimatione
915 1161 1138 1224 emolumenti
1154 1159 1210 1224 vel
1225 1159 1390 1222 utilitatis

275 1251 479 1333 acciperent,
503 1250 618 1331 regiae
643 1253 732 1313 esset
755 1249 876 1332 procul
899 1249 1004 1313 dubio
1029 1249 1219 1312 maiestatis
1243 1249 1390 1311 minutio

274 1339 493 1421 hostiumque
529 1338 736 1421 pervicatiae
772 1341 808 1402 et
836 1339 1055 1421 turpissimae
1086 1337 1290 1401 desertionis
1320 1359 1390 1399 mu-

274 1427 378 1505 nitio;
411 1427 440 1490 si
469 1427 586 1509 itaque
617 1427 720 1510 regiis
750 1427 914 1509 impensis
945 1429 1059 1490 essent
1082 1427 1199 1489 hostes
1223 1426 1388 1500 armandi,
1411 1449 1435 1488 ιο

274 1536 344 1579 non
368 1508 526 1580 sufficere
550 1516 670 1598 utique
693 1516 767 1596 regi
791 1517 964 1591 donativa,
996 1517 1088 1579 unde
1112 1535 1190 1578 suos
1213 1515 1249 1576 in
1273 1516 1389 1578 hostes

274 1609 433 1668 armaret.
484 1605 662 1668 Postremo
697 1605 778 1687 qnia
811 1605 877 1668 iam
910 1625 969 1669 rex
999 1625 1061 1688 pro
1091 1603 1241 1687 peccatis
1271 1603 1339 1666 suis
1370 1625 1390 1666 a

274 1694 349 1757 Deo
372 1693 409 1755 in
432 1694 540 1754 tantis
564 1693 708 1756 miseriis
725 1692 909 1756 derelictus
926 1713 998 1756 esse
1022 1693 1206 1769 videretur,
1231 1691 1389 1755 omnibus

274 1785 373 1846 euma
409 1781 476 1843 iam
511 1781 642 1844 viribus
683 1781 749 1842 niti
783 1784 966 1864 oporteret,
1006 1785 1047 1843 ut
1080 1782 1170 1844 iuste
1205 1781 1389 1844 iudicando

273 1870 488 1935 reconciliari
523 1873 638 1953 posset
677 1890 844 1952 supernae
881 1870 1052 1944 iustitiae,
1091 1890 1194 1952 qua-m
1232 1869 1389 1952 plurimis
1411 1893 1436 1931 rs

273 1958 516 2041 iniquitatibus
540 1963 576 2022 et
599 1958 802 2022 secularium
828 1960 973 2022 maxime
997 1959 1208 2021 iustitiarum
1227 1957 1390 2041 neglectu

274 2048 367 2111 omni
397 2067 484 2131 pene
514 2048 606 2111 vitae
637 2068 718 2110 suae
747 2051 903 2130 tempore
927 2047 1136 2112 offendisset.
1183 2047 1249 2110 His
1272 2049 1389 2129 itaque

273 2136 418 2219 aliisque
441 2136 660 2219 perplurimis
684 2139 719 2200 et
742 2136 874 2198 idoneis
899 2137 1145 2200 assertionibus
1160 2137 1233 2217 regi
1248 2136 1388 2199 tandem

274 2229 410 2289 constat
433 2245 506 2290 esse
530 2245 738 2308 persuasum,
764 2227 896 2289 utrem
923 2225 1157 2308 episcoporum
1176 2224 1389 2306 aliorumque

275 2314 403 2378 Christi
433 2314 588 2377 fidelium
617 2314 746 2376 iudicio
775 2313 999 2396 permitteret,
1032 2306 1169 2378 eorumb
1197 2333 1232 2376 se
1263 2313 1388 2376 diffini·
1408 2337 1434 2376 ao

272 2403 384 2465 tivae⁰
420 2403 612 2464 sententiae
643 2401 819 2482 probando
850 2423 1077 2479 assensurum,
1114 2403 1170 2465 cui
1198 2405 1325 2479 tamen,
1360 2403 1389 2464 si

272 2490 387 2567 vellet,
419 2510 454 2554 se
485 2491 623 2554 dicebat
645 2491 814 2573 refragari
836 2491 1075 2555 honestissime
1098 2512 1206 2574 posse,
1238 2494 1273 2555 et
1297 2491 1387 2573 quod

272 2581 371 2642 tanto
394 2582 549 2662 tempore
574 2580 636 2643 sub
660 2582 715 2642 tot
737 2580 1002 2662 imperatoribus
1026 2583 1061 2643 et
1084 2580 1225 2642 famosis
1248 2580 1387 2660 regibus

271 2670 452 2732 mansisset
476 2668 662 2743 immobile,
686 2668 753 2730 sibi
776 2689 910 2747 quoque
935 2670 1053 2730 eadem
1078 2667 1264 2729 violatione
1292 2668 1387 2728 iusti·

271 2757 341 2818 tiae
376 2775 445 2817 non
481 2749 629 2815 mutarid
665 2753 799 2816 debere.
846 2754 1010 2814 Primitus
1045 2755 1136 2814 enim
1172 2757 1207 2815 et
1240 2754 1296 2815 hic
1326 2773 1386 2815 rex
1405 2777 1431 2814 as

270 2842 453 2906 videbatur
476 2844 729 2904 antecessorum
754 2859 892 2902 suorum
909 2841 1087 2902 avaritiam
1103 2840 1192 2903 velle
1209 2839 1384 2916 aemulari,

271 2931 329 3012 qui
360 2931 402 2993 ab
433 2933 578 3012 utraque
609 2928 753 2992 ecclesia
783 2929 864 2991 hinc
893 2929 974 2992 inde
1005 2929 1120 3011 aliquo
1148 2929 1306 3011 episcopo
1330 2929 1386 2990 vel

271 3018 395 3082 abbate
421 3018 586 3082 defuncto
611 3017 759 3080 maxima
775 3017 933 3082 solebant
949 3017 1046 3080 lucra
1062 3019 1195 3096 sectari,
1221 3020 1257 3080 et
1272 3018 1301 3080 si
1315 3017 1385 3079 iam

270 3107 332 3168 nni
362 3107 525 3170 ecclesiae
553 3107 762 3189 sempiterna
785 3111 899 3170 essent
923 3107 1115 3171 stabilitate
1140 3107 1284 3182 firmata,
1316 3106 1384 3168 iam

271 3215 305 3259 se
330 3195 477 3278 amplius
501 3196 566 3258 hoo
591 3197 768 3258 commodo
793 3195 981 3257 cariturum
1005 3195 1217 3278 posterisque
1248 3194 1385 3276 regibus
1405 3217 1430 3254 so

270 3304 339 3346 non
374 3284 515 3346 minima
550 3284 759 3347 detrimenta
792 3283 994 3347 relicturum
1026 3284 1198 3347 dicebate.
1246 3284 1385 3346 Verum-

268 3374 386 3434 tamen
421 3373 514 3434 omni
549 3373 687 3435 demum
722 3372 941 3436 cavillatione
980 3373 1181 3456 postposita,
1221 3393 1280 3436 rex
1315 3373 1384 3436 sive

270 3461 410 3542 apertae
434 3460 561 3523 rationi
584 3481 645 3524 seu
660 3461 859 3524 rationabili
876 3482 1014 3524 snorum
1031 3462 1244 3545 suggestioni
1260 3463 1384 3524 cedens

268 3549 377 3612 totius
402 3550 576 3612 cardinem
599 3548 680 3627 litis,
706 3571 783 3613 cum
808 3550 967 3614 adessent
991 3551 1095 3613 etiam
1115 3549 1382 3632 quamplurimi,

268 3638 326 3720 qui
350 3659 412 3721 pro
436 3638 582 3702 abbate1
606 3639 838 3720 loquerentur,
870 3638 1102 3702 ecclesiastica
1132 3638 1429 3702 examinationem

269 3726 492 3808 synodalique
521 3727 657 3790 iustitia
686 3727 841 3810 permisit
871 3727 992 3791 evolvi.
1046 3728 1170 3810 Itaque
1201 3727 1303 3789 huius
1333 3728 1382 3790 rei

268 3814 380 3896 gratia
410 3815 485 3878 loco
517 3816 639 3897 dieque
670 3818 803 3879 statuta
826 3817 975 3899 synodus
1000 3819 1052 3878 est
1076 3819 1284 3898 congregata
1295 3816 1314 3889 ²,
1346 3816 1383 3878 in

268 3923 335 3984 qua
365 3902 601 3985 episcoporum
634 3903 822 3968 multitudo
854 3904 1048 3985 caeterique
1073 3904 1382 3966 ecclesiasticarum

267 4109 362 4154 alonim
373 4110 504 4160 e(ss)1l'1;
519 4121 568 4148 eum
583 4112 702 4149 emendavit
716 4111 737 4148 Ε
785 4111 809 4162 b)
822 4112 854 4148 lta
864 4111 947 4158 snm,-
961 4121 1082 4158 eorumque
1092 4111 1111 4148 G
1161 4109 1181 4161 c)
1190 4112 1222 4149 lla
1236 4111 1319 4158 SNIE,·
1335 4109 1382 4150 del-

267 4161 342 4200 flnltae
352 4162 371 4199 0
426 4161 449 4216 d)
461 4168 548 4202 mutare
562 4164 581 4200 G
636 4167 656 4211 e)
670 4165 727 4202 deest
741 4165 771 4211 (ἦ
785 4164 882 4210 forsitan
897 4163 958 4201 alred
971 4164 1041 4201 simile
1055 4165 1141 4202 verbum
1155 4165 1302 4214 supplendum,
1400 4163 1428 4202 40

267 4337 294 4403 1)
317 4337 466 4388 Corbeiensi
483 4339 635 4392 Wcrnbcro.
726 4340 754 4406 2)
777 4341 938 4392 Wormatiae
955 4341 1025 4392 banc
1042 4343 1172 4406 synodum
1197 4348 1380 4407 cmqrcpotom

265 4423 326 4473 cese,
346 4407 455 4458 chartac
473 4409 597 4461 Heinrici
613 4413 685 4475 repis
703 4411 800 4464 docent.
