3262 5024
288 467 363 524 VIII
731 463 960 520 PRAEFATIO.

288 648 410 714 errauit
432 653 461 712 et
483 647 550 728 ipse
572 655 602 713 et
623 646 780 712 rationem
795 646 1072 728 interpolationem
1088 669 1109 710 a
1125 645 1288 728 Pleiliprno
1311 655 1406 713 acuta

289 736 468 803 coniectura
488 743 646 817 repertam
664 756 782 817 parum
804 734 960 799 intellexit
968 736 989 797 1.

399 835 487 914 Quae
509 855 579 898 cnm
601 832 649 898 ita
671 839 772 898 essent
794 853 922 914 mmaue
952 833 989 896 de
1019 833 1078 898 bac
1106 833 1319 899 controuersia
1340 834 1405 898 riri

288 922 371 989 loeti
405 921 465 986 alii
500 922 594 987 aliter
622 921 813 1002 iudicarent,
848 920 984 1001 feliciter
1014 920 1094 986 mili
1128 921 1265 1004 oontiait,
1300 929 1337 987 ut
1367 922 1405 987 in

288 1009 417 1076 arcbioo
437 1009 618 1076 Coloniensi
642 1010 830 1092 sarranium
850 1009 1047 1075 Gelenianas
1062 1011 1267 1092 perlustrans
1280 1010 1318 1075 in
1333 1032 1405 1092 apo-

286 1100 433 1182 araphan
458 1099 699 1180 Osuabrnaense
720 1099 804 1163 oilae
819 1098 988 1163 Bennouis
1010 1098 1070 1162 leuc
1091 1120 1189 1180 usque
1210 1099 1405 1181 inaoanitum

288 1187 470 1254 inciderem.
514 1188 580 1268 Quo
604 1187 678 1252 lecto
701 1193 803 1267 atque,
828 1207 898 1251 cum
921 1188 1016 1250 coclea
1039 1185 1231 1268 beuianitate
1246 1187 1405 1270 praefecti

289 1275 412 1342 archivi
447 1273 643 1340 Coloniensis
670 1296 699 1340 o.
730 1275 767 1339 cl.
799 1275 830 1338 Ι.
854 1275 992 1339 Haesere
1014 1275 1264 1357 Arcentoratum
1289 1277 1405 1341 missus

290 1371 376 1445 esset,
405 1363 520 1428 iterum
549 1362 722 1445 iterumque
751 1364 871 1444 relecto,
900 1362 1073 1444 aeuninum
1102 1363 1186 1429 uitae
1208 1371 1332 1445 tentum,
1364 1367 1403 1430 ab

288 1451 583 1536 interpolationibus
612 1451 780 1517 Rostianis
808 1453 979 1517 immunem
1008 1458 1038 1517 et
1069 1452 1153 1536 lupis
1181 1453 1307 1533 onlaato
1336 1455 1404 1518 ube·

287 1541 413 1623 liorem,
444 1541 535 1608 nobis
557 1563 579 1605 a
606 1540 736 1606 Gelenio
765 1548 924 1616 seruatum
953 1562 1019 1606 esse
1047 1562 1162 1624 maana
1192 1563 1261 1607 cum
1285 1541 1404 1624 aaudio

287 1630 437 1710 intelleai,
472 1650 570 1710 neque
604 1629 719 1709 elubita,
754 1629 833 1711 quin
867 1652 957 1712 noea,
993 1650 1088 1712 quam
1116 1651 1273 1712 morrono,
1309 1630 1404 1696 editio

287 1716 479 1782 monmnenti
486 1716 711 1798 pretiosissimi
726 1717 879 1797 omnibus,
896 1718 1040 1798 quamvis
1047 1719 1172 1800 paneis
1185 1719 1241 1800 aui
1252 1719 1404 1784 historiae

287 1805 384 1870 medii
406 1805 477 1870 aeui
499 1805 637 1869 sterilium
660 1805 764 1871 adbuc
785 1805 900 1887 fauent,
924 1813 1020 1887 arata
1042 1812 1072 1870 et
1093 1813 1220 1887 accepta
1235 1809 1404 1873 admodum

286 1894 401 1959 ueniat.

393 1983 449 2048 Aa
463 2004 558 2065 quam
572 1985 759 2065 parandam
775 1990 906 2065 praeter
922 1982 1056 2048 codicem
1075 1982 1286 2049 Celeuianum
1303 1982 1369 2066 (C)
1382 1986 1401 2063 ²,

288 2075 326 2138 cle
354 2092 415 2155 quo
437 2093 537 2154 sumre
553 2071 678 2153 panas,
709 2071 837 2138 uberius
859 2071 896 2137 in
920 2071 1037 2137 ‘Neues
1061 2072 1192 2138 Arabia’
1218 2072 1401 2154 XXVIII,

287 2168 367 2226 82s.
392 2161 458 2244 cai,
479 2163 524 2226 ael
545 2181 669 2226 errores
698 2160 820 2224 scribae
848 2160 1019 2225 Celeniani
1049 2162 1250 2242 corriaeurlos
1273 2168 1336 2226 tres
1359 2183 1403 2227 co-

286 2250 370 2316 dices
398 2250 483 2315 uitae
505 2249 712 2330 interpolatae
735 2248 876 2330 adhibui,
907 2270 984 2330 qnos
1017 2271 1055 2314 en
1089 2252 1192 2314 eorlem
1223 2250 1404 2332 apoaranba

289 2337 591 2418 Kliulcleameriano,
611 2359 670 2418 quo
691 2339 729 2419 G,
747 2337 905 2402 clericatos
919 2359 984 2402 esse
1000 2341 1100 2403 creola.
1137 2339 1220 2404 Sunt
1233 2345 1336 2404 antem
1352 2339 1404 2403 lli:

395 2435 484 2501 S:
509 2437 603 2500 coclea
637 2438 796 2516 queonrlarn
825 2436 1029 2517 Iburaensis,
1060 2437 1151 2502 bodie
1180 2437 1290 2518 latens,
1326 2458 1405 2502 cura

288 2524 406 2589 Mauri
421 2523 502 2589 Rost
523 2546 553 2588 a.
574 2530 668 2587 1680.
693 2524 838 2606 sarc'rrtus,
863 2524 953 2590 cuius
975 2525 1135 2591 lectionem
1153 2526 1279 2590 uariam
1299 2527 1403 2592 aoiro

288 2615 447 2694 quenulam
470 2613 646 2678 clarissimo
667 2613 782 2678 Carolo
802 2614 896 2679 Strioe
919 2621 1106 2679 annotatam
1125 2614 1166 2678 R.
1184 2614 1345 2681 Wilmans
1366 2615 1403 2678 in

287 2701 423 2767 editione
445 2723 505 2765 sua
527 2710 690 2764 numeral
717 2703 857 2781 notauit,

394 2789 434 2854 N
453 2815 494 2840 =
518 2790 613 2852 coclea
636 2787 836 2852 bibliothecae
859 2788 1003 2852 comitum
1026 2788 1204 2868 Esterlraeu
1229 2785 1402 2868 (arcendam

287 2879 432 2944 comitum
444 2874 652 2959 Plettenberal
668 2875 705 2940 in
721 2875 833 2957 oppilo
847 2875 1070 2941 Norclleireleen
1084 2882 1236 2956 seruatae,
1252 2881 1403 2940 enaratus

288 2967 356 3045 fere
378 2968 482 3030 coelem
504 2971 640 3046 tempore
662 2986 682 3027 a
705 2964 811 3029 scriba
834 2964 952 3029 Mauri
974 2964 1094 3045 Rost³,·

394 3055 419 3118 I
438 3081 479 3106 =
511 3055 605 3118 eaden
638 3052 763 3118 arabici
789 3053 991 3135 percellatis
1014 3053 1051 3117 ,Ι
1052 3053 1230 3134 breinensis,
1266 3052 1402 3133 scriptus

287 3163 373 3208 anno
399 3148 492 3206 1682.
517 3143 564 3205 uel
591 3147 685 3204 1683.
716 3143 755 3204 ab
782 3144 886 3205 eorlem
915 3142 1022 3206 scriba
1044 3142 1208 3223 Restione,
1240 3143 1285 3206 ael
1312 3141 1402 3205 cuiuis

287 3231 503 3314 anaaraobum
526 3229 619 3295 eclitio
643 3229 852 3294 Eecareliaua
877 3227 935 3310 (E)
957 3229 1047 3309 facta
1071 3236 1116 3294 est
1127 3231 1149 3292 ⁴².

394 3441 420 3506 1)
447 3441 695 3506 ‘Sitzuuasbericlete
724 3439 771 3491 cler
801 3439 937 3506 binialiele
963 3440 1149 3506 prenssisohen
1180 3440 1324 3491 Alademie
1354 3441 1401 3491 olcr

292 3512 524 3575 Wissenscbaften'
553 3513 621 3566 1901
649 3528 676 3564 n.
698 3511 760 3563 VII.
805 3511 847 3575 Cf.
875 3526 941 3576 quae
968 3511 1000 3561 de
1023 3511 1073 3561 leae
1098 3511 1281 3564 dissertatione
1305 3513 1403 3578 scripsi

188 3594 189 3598 ’
286 3583 382 3635 ‘Neues
393 3582 502 3634 Arcum
510 3583 617 3648 XXVI,
625 3584 677 3637 774
686 3597 708 3633 s.
742 3582 891 3633 Utilissima
903 3587 940 3634 est
950 3581 1066 3647 diliaens
1083 3587 1106 3634 et
1124 3589 1203 3633 acuta
1221 3584 1401 3633 commentatio

286 3654 317 3706 ‹le
336 3654 388 3720 leae
405 3653 527 3718 rbytbmi
543 3670 561 3704 o
579 3654 722 3705 Nortberto
739 3652 882 3718 obsermta,
902 3669 983 3718 quam
1001 3671 1023 3706 a.
1042 3653 1073 3707 cl.
1093 3670 1115 3708 o.
1130 3653 1286 3717 Winterfeld
1303 3654 1399 3703 disser-

284 3727 383 3776 tationi
399 3725 595 3790 Scleefferiauae
613 3725 726 3777 amalis.
785 3725 813 3788 2)
837 3723 954 3776 Contulit
972 3729 1079 3789 premor
1099 3739 1137 3774 me
1155 3725 1244 3789 ipsum
1258 3723 1294 3776 Η.
1310 3723 1399 3776 Wibel.

285 3796 312 3860 3)
331 3795 413 3845 Cuius
431 3797 526 3846 codicis
543 3797 591 3859 (ef.
605 3794 723 3846 ‘Arabio'
737 3795 783 3859 VI,
795 3796 843 3852 38)
863 3795 1002 3846 Oswalelus
1013 3793 1219 3859 Holrler-Ie'cqer
1236 3796 1344 3844 comiter
1362 3808 1401 3846 me

286 3865 424 3917 admonuit
429 3882 439 3925 ‚·
458 3871 488 3916 ut
502 3866 553 3917 leem
570 3868 725 3930 mitteretur,
742 3865 890 3930 benrfynitas
901 3884 923 3918 a.
937 3867 968 3919 ol.
981 3866 1106 3932 Philippi
1115 3865 1205 3928 effecit.
1235 3865 1400 3917 Certtulimns

285 3951 330 4002 cao
350 3941 373 3988 et
391 3936 482 3991 Wibel.
548 3935 576 4003 4)
594 3936 727 4002 Primum,
750 3937 795 3988 sert
813 3952 866 3988 non
882 3937 979 4003 ubique
997 3941 1070 4002 reete,
1093 3937 1124 3986 ole
1143 3951 1170 3986 eo
1187 3937 1240 4000 eqit
1259 3935 1290 3989 L.
1308 3937 1400 3999 Tlnsen

286 4008 385 4059 ‘Benna
403 4007 442 4063 II.
468 4007 584 4071 ,Biscleaf
603 4022 653 4059 aon
679 4007 845 4059 Osnabrriolr'
870 4007 1057 4071 (Osnabruqae
1083 4008 1165 4070 1869)
1186 4023 1215 4072 p.
1235 4010 1281 4060 2³.
1301 4009 1354 4062 216
1364 4023 1398 4060 ss.

289 4078 321 4128 Ut
346 4079 397 4129 hue
423 4081 580 4142 mitteretur,
611 4079 692 4142 effecit
722 4080 826 4130 amicit'
872 4078 981 4144 Ceoraii
1005 4078 1107 4129 Winter
1136 4078 1267 4143 praefecti
1295 4078 1401 4130 arebioi

284 4149 355 4214 reati
372 4147 592 4216 Osnabruaensis.
625 4149 790 4200 Conlatinus
807 4164 853 4214 eya
871 4156 895 4200 et
912 4148 999 4202 Wibel.
1019 4179 1055 4185 —
1073 4149 1113 4200 De
1131 4149 1253 4202 omnibus
1270 4149 1314 4201 ln's
1331 4149 1399 4200 eodi-

284 4219 358 4270 oibns
375 4219 410 4282 ef.
424 4236 490 4286 quae
503 4220 597 4272 ‘Neues
609 4219 720 4271 Arabio'
732 4220 872 4286 XXVIII,
891 4221 925 4274 83
935 4235 969 4273 ss.
988 4219 1096 4270 uberius
1113 4220 1237 4274 disserui.
1267 4221 1399 4284 martum

285 4291 394 4341 sodium
418 4293 497 4356 anae,
523 4307 597 4358 quem
614 4290 752 4356 Wilmans‚
772 4291 920 4356 Scriptores
937 4290 1010 4354 XII,
1030 4294 1081 4346 941
1101 4292 1198 4358 Ibrerai
1222 4293 1359 4344 asservari
1375 4297 1400 4342 et

285 4375 356 4412 anno
370 4362 447 4415 1671.
460 4363 590 4428 scriptum
605 4377 658 4413 esse
676 4361 748 4427 dicit,
766 4363 883 4414 invenire
901 4377 954 4414 nen
967 4363 1063 4429 ροτιιί,ι
1080 4377 1167 4414 omnes
1186 4364 1313 4424 lectiones,
1331 4377 1400 4428 quas

285 4448 318 4484 eu
335 4446 364 4484 co
377 4431 494 4498 praebet,
513 4433 543 4483 in
561 4433 644 4483 codice
663 4433 693 4484 N
706 4434 887 4499 reperiuntur.
