3262 5024
401 415 498 472 VITA
516 414 708 470 BENNONIS
723 415 763 472 Π.
782 415 957 471 EPISOOPI
976 415 1301 474 OSNABRUGENSIS.
1395 420 1412 474 5

297 599 445 684 plurima
480 600 600 664 eodem
635 603 789 681 tempore
825 600 867 664 de
902 603 978 663 toto
1007 621 1114 684 regno
1144 599 1228 663 illuc
1258 600 1411 683 undique

296 689 494 754 clericorum
531 688 636 751 turba
670 692 897 762 concurreret,
938 710 978 754 eo
1016 690 1107 771 quod
1146 689 1411 771 circumquaque

294 778 443 859 flagrans
481 776 658 859 imperiale
693 776 846 839 studium
885 777 1038 840 studium
1077 777 1181 842 etiam
1215 777 1410 841 litterarum

294 866 381 928 inibi
416 865 692 928 ardentissimum
727 864 848 929 florere
884 866 1062 940 fecisset⁸,
1102 866 1251 949 contigit
1285 869 1320 930 et
1356 866 1411 928 do·

262 955 425 1018 sminum
450 954 659 1029 Bennoncm,
684 953 802 1035 quise
826 947 982 1038 semperb
1010 955 1152 1018 miscere
1175 959 1409 1030 consueverat,

293 1044 389 1126 regia
425 1042 661 1105 munificentia
699 1042 847 1105 accitum
883 1043 994 1106 eidem
1029 1043 1194 1107 interesse
1228 1043 1411 1126 palestrae.

295 1132 350 1195 lbi
391 1150 525 1213 quoque
564 1130 657 1194 inter
699 1130 910 1195 conscolares
952 1132 1127 1214 agonistas
1165 1134 1332 1214 quantum
1375 1153 1410 1196 se

295 1220 501 1304 praebuerit,
533 1222 730 1300 quantoque
760 1219 877 1282 labore
905 1222 940 1283 et
963 1220 1136 1302 probitate
1161 1220 1294 1285 cunctis
1317 1221 1410 1285 inno·

294 1309 410 1383 tuerit,
442 1307 575 1390 reliqua
598 1307 671 1370 eius
694 1309 767 1370 vita
789 1307 966 1370 facillimis
990 1308 1240 1372 demonstrabit
1262 1309 1409 1372 indiciis.

249 1415 275 1454 ιο
295 1396 448 1479 Cumque
476 1397 513 1458 in
537 1397 657 1460 eodem
681 1395 757 1459 loco
782 1396 960 1478 aliquanto
983 1401 1137 1481 tempore
1169 1417 1310 1460 manens
1341 1419 1409 1459 non

293 1487 403 1549 solum
428 1485 564 1558 litteris,
589 1485 649 1548 sed
672 1487 707 1547 et
724 1505 784 1567 per
800 1505 857 1548 eas
881 1485 1057 1566 acquisitis
1081 1485 1210 1548 divitiis
1234 1486 1410 1549 abundare

294 1575 472 1656 coepisset,
498 1593 538 1636 eo
557 1592 664 1654 usque
683 1593 736 1635 res
761 1593 822 1635 sua
841 1574 1042 1655 processisse
1059 1594 1126 1636 non
1145 1574 1333 1650 dubitatur,
1359 1577 1408 1650 ut,

294 1664 323 1726 si
343 1663 453 1725 eidem
477 1659 553 1725 loco
569 1664 772 1744 perpetuum
790 1681 824 1724 se
841 1682 1033 1725 mansorem
1049 1662 1204 1725 stabilire
1221 1661 1407 1736 maluisset,

295 1751 337 1814 ad
362 1751 434 1814 eius
458 1751 506 1813 ibi
531 1749 670 1813 honoris
694 1770 858 1814 cacumen
881 1751 1047 1814 facillime
1064 1752 1261 1814 crederetur
1284 1751 1407 1833 pertin-

250 1855 275 1895 15
294 1860 373 1922 gere
390 1840 551 1921 potuisse,
569 1842 690 1921 quem⁰
712 1839 804 1922 apud
823 1860 885 1902 nos
905 1840 1032 1903 maiore
1048 1842 1168 1923 postea
1186 1860 1300 1903 rerum
1320 1860 1410 1904 exer-

295 1929 421 1991 citatus
437 1927 649 2010 experientia
665 1926 825 1990 habuisse
843 1929 1071 2009 cognoscitur.
1112 1927 1178 1992 Sed
1196 1928 1247 1990 vir
1264 1929 1409 2010 pruden-

293 2017 390 2080 tioris
414 2015 545 2098 ingenii
568 2016 605 2078 in
629 2016 703 2079 ocio
726 2016 884 2098 torpidus
909 2037 980 2080 esse
1005 2019 1227 2080 contemnens
1251 2017 1294 2079 ad
1319 2015 1410 2081 labo·

293 2106 506 2187 randumque
544 2103 730 2168 salubriter
767 2125 839 2168 sese
878 2124 1011 2188 semper
1046 2107 1232 2168 extendens
1267 2104 1408 2187 Deoque

294 2214 370 2276 spes
401 2214 479 2256 suas
510 2197 545 2256 et
576 2213 611 2256 se
642 2193 735 2257 omni
766 2213 899 2275 semper
928 2193 1122 2257 intentione
1156 2194 1407 2269 commendans,

249 2299 276 2338 20
293 2282 406 2347 noluit
441 2283 580 2346 honoris
615 2281 761 2345 alicuius
795 2284 857 2344 aut
891 2281 1067 2364 regiminis
1101 2282 1311 2364 perniciosus
1344 2281 1409 2344 sibi

294 2393 445 2452 unquam
462 2391 534 2434 esse
548 2374 797 2454 praesumptor,
815 2371 875 2434 sed
892 2369 1054 2434 exercitio
1070 2370 1177 2433 animi
1192 2370 1408 2454 corporisque

294 2458 411 2522 labore
441 2479 574 2542 semper
605 2459 767 2523 discenda
791 2459 976 2534 addiscere,
1008 2479 1060 2535 ne,
1093 2460 1121 2522 si
1151 2481 1228 2523 enm
1253 2479 1334 2522 suae
1358 2479 1409 2521 su-

295 2567 421 2630 pernus
446 2547 574 2610 arbiter
597 2548 802 2628 quandoque
827 2547 944 2609 domui
968 2548 1238 2630 dispensatorem
1254 2567 1408 2629 praeesse

296 2636 502 2719 disponeret,
527 2636 738 2718 improvidus
762 2656 831 2698 non
855 2635 1008 2712 haberet,
1037 2635 1129 2698 unde
1152 2634 1320 2698 familiam
1345 2634 1410 2698 Do·

250 2740 276 2780 2⁵
297 2725 378 2787 mini
402 2723 455 2787 sui
479 2723 652 2808 spirituali
675 2722 838 2787 alimonia
862 2723 990 2787 saciare
1015 2724 1167 2788 deberet.

402 2854 431 2910 5.
468 2849 592 2931 Itaque
618 2848 805 2912 Henricum
829 2847 1072 2929 imperatorem
1102 2847 1227 2910 deinde
1249 2846 1287 2908 in
1311 2846 1410 2909 Saxo-

295 2938 387 2999 niam
419 2933 590 3007 secutusl,
624 2957 701 2998 cum
730 2935 849 2997 villam
875 2934 1068 2998 Goslariam
1095 2935 1154 2998 ille
1179 2935 1329 3018 operosis
1352 2935 1411 2997 im·

296 3025 410 3107 pensis
445 3028 481 3087 et
510 3025 605 3105 regio
635 3025 730 3085 fastu
760 3022 969 3105 amplificare
1001 3023 1177 3106 coepisset,
1214 3022 1316 3087 solito
1351 3027 1405 3087 see

296 3112 345 3174 ibi
369 3111 483 3174 studio
508 3132 713 3193 morumque
724 3111 897 3194 probitate
914 3112 1160 3188 demonstrans,
1186 3112 1411 3194 optimatibus

252 3215 278 3256 ω
296 3204 408 3264 terrae
438 3201 532 3264 illius
562 3202 597 3262 in
622 3200 717 3264 brevi
740 3203 793 3263 est
817 3199 975 3282 cognitus
1006 3204 1041 3263 et
1071 3200 1312 3264 honestissima
1336 3220 1411 3264 con·

294 3291 450 3354 tentione
482 3291 685 3366 decertatus,
718 3290 814 3352 cuius
846 3289 1061 3371 potissimum
1092 3289 1243 3352 dominio
1273 3289 1411 3352 subesse

296 3379 446 3442 deberet.
493 3379 693 3443 Praevaluit
722 3381 838 3442 autem
869 3378 905 3440 in
930 3398 969 3441 eo
994 3377 1181 3442 certamine
1204 3376 1411 3441 venerabilis

223 3501 227 3510 =
296 3468 448 3532 eiusdem
479 3468 546 3531 loci
576 3468 735 3530 Ezelinus
767 3466 967 3549 episcopus1
996 3467 1197 3550 magnisque
1221 3466 1411 3548 promissio·

296 3557 397 3619 nibus
421 3576 536 3620 secum
560 3556 749 3619 abductum
772 3555 808 3615 in
828 3554 972 3616 ecclesia
992 3576 1053 3617 sua
1069 3554 1286 3618 Hildesheim
1308 3552 1411 3616 scola-

251 3660 277 3700 ⁸⁶
296 3645 383 3707 rium
409 3644 592 3708 constituit
615 3664 686 3707 esse
710 3642 923 3724 magistrum.
960 3642 1051 3704 Satis
1075 3645 1190 3705 autem
1208 3641 1411 3722 abundeque

296 3734 432 3817 provisa
455 3733 521 3797 sibi
544 3732 811 3796 necessariorum
829 3731 936 3812 copia,
961 3733 1001 3792 ut
1024 3731 1172 3794 liberum
1187 3729 1224 3791 in
1241 3729 1411 3793 studendo

296 3823 447 3885 animum
472 3843 611 3886 securus
635 3825 670 3884 et
693 3839 818 3882 vacans
842 3819 969 3882 habere
993 3820 1171 3902 potuisset,
1199 3818 1296 3881 iuxta
1320 3819 1412 3899 quod

297 3912 340 3972 ad
363 3912 451 3975 tales
477 3932 536 3994 per
559 3914 697 3994 poetam
721 3901 895 3972 caniturf:

437 3999 571 4063 Pectora
594 4004 703 4062 nostra
727 3998 808 4060 daras
831 4017 896 4060 non
919 3995 1119 4060 admittentia
1142 3995 1266 4071 annaei,

253 4136 281 4176 40
298 4132 321 4182 a)
335 4134 444 4182 coepisset
455 4136 482 4184 G,
497 4137 605 4184 caepuser
615 4136 743 4186 (S?)N1E;
757 4135 876 4175 mendara
887 4134 1054 4182 Homer-appar
1098 4133 1121 4183 b)
1135 4133 1220 4182 aliquid
1233 4133 1303 4171 deesse
1316 4133 1412 4178 videtum

299 4185 431 4226 discentium
445 4190 574 4228 commercio
587 4191 670 4239 supplet
685 4202 703 4232 a,
716 4189 840 4236 Winterfeld
908 4191 927 4236 c)
942 4189 974 4226 aa
988 4189 1036 4235 (385
1050 4185 1111 4236 quod
1126 4185 1182 4224 ΝῙΕ
1234 4185 1257 4237 d)
1272 4191 1380 4235 sequutus
1394 4185 1412 4222 G

299 4239 319 4292 e)
333 4241 352 4279 sl
367 4241 386 4277 G
440 4241 531 4288 ocanlt
546 4252 617 4280 emeres
621 4258 629 4290 ,·
648 4244 759 4281 emendam
772 4253 823 4291 epa·
841 4242 868 4286 rt,
883 4241 944 4288 intra
953 4253 979 4290 p.
988 4242 1021 4289 32,
1036 4242 1050 4282 l.
1061 4241 1092 4282 31.

299 4346 324 4415 1)
344 4349 424 4401 Reait
446 4347 577 4397 eccleciam
595 4347 844 4399 thtesbennensem
863 4349 943 4397 annae
964 4347 1146 4402 1044-1054.
1237 4347 1265 4411 2)
1294 4343 1412 4395 [necarat.

297 4417 353 4472 Sat.
371 4419 435 4483 VII,
454 4420 505 4472 65:
520 4425 628 4484 pectora
646 4423 732 4468 vestra
751 4418 819 4468 dnae
837 4433 890 4468 non
909 4418 1075 4468 admittentia
1093 4432 1180 4469 curas.
