3262 5024
338 419 371 471 12
443 414 539 469 VITA
557 414 750 470 BnNNONIS
768 414 807 470 II.
827 413 1001 470 EPISOOPI
1019 413 1343 470 OSNABRUGENSIS.

337 598 491 661 locorum
521 619 665 680 gnarum
696 619 966 682 magnarumque
996 599 1280 681 promissionum²
1315 597 1454 660 certitu-

338 686 418 750 dine
449 687 652 750 benevolum
684 687 847 762 efficeret,
880 707 942 749 sue
972 687 1087 750 omnia
1117 687 1287 750 exteriora
1314 686 1453 768 penitus

338 769 541 851 commisitb3
577 780 685 858 utque
715 775 780 838 sibi
813 776 850 838 in
882 775 947 838 Dei
977 796 1078 859 opere
1108 775 1301 858 expeditius
1331 795 1452 838 vacare

337 863 468 939 liceret,
493 865 601 927 totius
625 865 841 947 episcopatus
865 865 1114 928 vicedominum
1140 864 1234 939 tecit,
1267 883 1334 944 qua
1356 863 1394 925 in
1416 883 1453 926 re

336 952 389 1016 ita
412 973 447 1016 se
471 952 597 1015 extulit
620 956 824 1035 tantumque
848 973 911 1036 pro
935 953 1173 1034 magnitudine
1196 973 1310 1016 rerum
1335 955 1370 1015 et
1385 951 1453 1015 loci
1474 973 1487 1012 s

338 1042 505 1116 exhibuit,
541 1050 581 1105 ut
616 1043 738 1106 merito
773 1042 822 1105 ibi
851 1062 912 1104 suo
942 1045 1096 1123 tempore
1124 1041 1221 1124 rigor
1251 1040 1452 1122 disciplinae

337 1129 495 1194 reflorere
519 1131 564 1192 sit
587 1129 690 1193 visus.
736 1130 861 1193 Totum
890 1130 999 1212 igitur
1023 1130 1257 1212 episcopatum
1282 1150 1343 1192 suo
1367 1129 1453 1192 arbi-

337 1222 433 1281 tratu
468 1239 616 1300 suaeque
650 1219 840 1281 voluntatis
875 1219 1020 1300 imperio
1055 1240 1122 1282 non
1159 1239 1264 1300 parvo
1299 1222 1453 1300 tempore

337 1327 469 1388 regens,
505 1310 662 1370 sanctum
696 1307 893 1390 episcopum
927 1306 1036 1382 illum,
1072 1307 1107 1368 in
1140 1307 1212 1370 eius
1243 1306 1385 1369 consilio
1418 1309 1453 1370 et

338 1395 517 1472 fidelitate,
549 1397 586 1457 in
617 1396 689 1459 eius
717 1396 901 1477 prudentia
925 1400 960 1459 et
984 1397 1190 1459 strenuitate
1215 1397 1354 1472 omnino
1379 1416 1500 1458 con-10

339 1485 448 1557 fisum,
471 1487 572 1546 tanto
595 1484 638 1548 ad
656 1505 705 1559 ee,
730 1505 817 1566 quae
834 1484 900 1547 Dei
921 1487 1011 1560 sunt,
1037 1485 1235 1566 exequenda
1257 1483 1454 1548 liberiorem

338 1573 500 1646 reddidit,
526 1575 655 1655 quanto
679 1574 722 1636 ab
748 1574 805 1647 eis
830 1593 917 1655 quae
941 1574 1062 1636 mundi
1086 1577 1175 1644 sunt,
1201 1573 1315 1636 facere
1340 1573 1454 1655 potuit

339 1662 450 1724 minus
475 1661 672 1723 sollicitum.
708 1661 955 1725 Verumtamen
971 1662 1062 1724 tanti
1085 1662 1212 1725 laboris
1237 1664 1271 1724 et
1295 1682 1454 1725 curarum

338 1771 407 1813 non
432 1749 605 1812 sustinens
634 1749 809 1812 molestias
834 1749 1103 1832 clericorumque
1126 1750 1264 1813 illorum
1288 1750 1454 1813 invidiam

339 1859 407 1901 non
431 1838 554 1911 ferens,
587 1838 646 1919 qui
670 1858 742 1901 sese
765 1839 957 1921 reprobatis
980 1838 1079 1901 illum
1103 1839 1376 1921 indignabantur
1399 1838 1454 1900 ad·
1474 1858 1500 1897 rs

339 1928 498 2002 ductum,
538 1926 728 1989 cedendum
768 1927 921 2009 putavit,
966 1930 1174 2010 acceptaque
1214 1929 1255 1990 ab
1296 1929 1454 2010 episcopo

339 2015 487 2078 multum
511 2015 683 2078 renitente
707 2015 858 2091 licentia,
884 2017 920 2077 in
945 2016 1128 2079 Saxoniam
1153 2037 1225 2080 sese
1249 2017 1293 2079 ad
1317 2036 1454 2098 praepo·

340 2105 483 2166 situram
513 2124 608 2166 suam
633 2103 849 2168 Hildesheim
882 2104 1041 2168 contulit.
1089 2105 1156 2168 Sed
1181 2126 1242 2168 nec
1268 2125 1328 2168 rex
1355 2104 1453 2167 illum

340 2213 448 2275 aequo
473 2193 586 2255 animo
611 2193 809 2276 patiebatur
833 2194 1020 2268 absentem,
1053 2194 1112 2275 qui
1139 2214 1216 2256 eum
1242 2195 1346 2256 etiam
1371 2193 1454 2255 alias

340 2281 536 2364 saepissime
565 2281 602 2342 in
633 2282 833 2364 episcopatu
865 2282 1033 2346 collocare
1063 2282 1242 2364 potuisset,
1275 2282 1304 2344 si
1333 2281 1395 2344 illo
1419 2281 1455 2343 in
1475 2303 1502 2340 so

340 2371 497 2445 Saxonis,
522 2370 582 2431 ubi
600 2373 685 2433 tunc
702 2370 838 2433 assiduo
854 2371 927 2434 tere
944 2371 1116 2445 manebat,
1142 2391 1256 2434 carere
1273 2370 1453 2444 voluisset;

340 2459 413 2521 eius
443 2457 570 2522 etenim
601 2478 702 2540 saepe
732 2459 879 2522 virtutes
910 2463 1079 2543 expertus,
1111 2460 1147 2522 in
1171 2461 1224 2522 his
1249 2480 1327 2522 eum
1350 2459 1455 2540 regio-

340 2547 451 2623 nibus,
477 2547 506 2610 si
529 2567 665 2629 quoquo
689 2548 790 2611 modo
814 2549 889 2612 fieri
911 2552 1035 2632 posset,
1060 2549 1257 2631 episcopum
1274 2548 1456 2610 instituere

341 2637 548 2712 decreverat,
580 2636 641 2698 ubi
672 2636 738 2699 sibi
768 2638 812 2700 ad
843 2659 930 2720 quae
953 2637 1059 2701 vellet
1089 2657 1222 2718 semper
1246 2639 1360 2717 posset
1383 2655 1455 2698 esse

340 2725 532 2806 contiguus.
1477 2743 1505 2781 25

179 2863 234 2931 (13)
245 2863 322 2917 1068.
450 2853 500 2910 11.
537 2847 693 2931 Contigit
716 2852 832 2912 autem
857 2846 974 2911 eodem
1001 2845 1146 2927 defungi
1161 2845 1337 2926 tempore1
1360 2864 1456 2908 vene·

339 2936 482 3000 rabilem
505 2938 616 3000 virum
633 2937 843 3008 Bennonem,
868 2934 926 3017 qui
951 2939 986 2998 et
1002 2933 1242 3015 Beringarius⁰
1267 2933 1455 3010 dicebatur,

342 3025 639 3108 Osnabrugensem
675 3026 882 3108 episcopum.
939 3024 1013 3086 Rex
1048 3026 1174 3099 autem,
1211 3023 1275 3086 etsi
1310 3023 1352 3086 de
1383 3023 1456 3086 eius

342 3118 452 3178 morte
471 3136 541 3179 non
559 3109 702 3198 parumd
723 3113 945 3176 contristatus
966 3115 1048 3188 erat,
1067 3132 1107 3176 eo
1123 3115 1240 3175 tamen
1260 3131 1294 3175 se
1311 3111 1458 3194 putabat

343 3205 445 3280 hunc,
471 3224 570 3286 quem
596 3203 638 3265 de
666 3204 802 3263 mortuo
830 3204 1019 3283 acceperat,
1045 3200 1214 3264 consolari
1242 3220 1341 3283 posse
1371 3221 1458 3263 moe-
1478 3227 1505 3266 eo

341 3313 461 3368 rorem,
487 3293 516 3354 si
537 3293 574 3353 in
598 3290 710 3353 locum
741 3289 813 3352 eius
838 3292 1035 3372 surrogaret
1058 3310 1175 3372 parem
1200 3289 1272 3352 eius
1295 3289 1452 3352 nominee

342 3384 377 3445 et
393 3382 520 3445 virtute
539 3380 749 3442 Bennonem.
781 3378 952 3441 Adunatis
968 3378 1076 3462 igitur
1091 3378 1127 3439 in
1143 3371 1248 3441 villaf
1269 3375 1426 3442 Goslaria
1436 3378 1456 3452 2,

341 3555 363 3602 a)
377 3553 409 3590 iia
423 3552 472 3600 SN;
494 3561 669 3600 magnarumque
684 3552 830 3600 promissione
849 3552 867 3589 G
872 3566 880 3598 ,·
902 3561 1083 3600 magnarumque,
1101 3562 1161 3590 cerr.
1176 3561 1352 3600 nragnorumque
1365 3549 1458 3597 promis·

341 3617 416 3646 sorum
426 3607 452 3654 I;
467 3616 642 3655 magnorumque
652 3605 841 3654 promlssorumE
887 3606 909 3654 b)
919 3616 997 3648 comm.
1007 3616 1065 3655 pen„
1076 3616 1132 3646 cerr.
1141 3615 1191 3653 pen.
1201 3604 1306 3644 eommG
1352 3601 1458 3653 e)r·taG,·

342 3660 491 3708 Berengarlus
507 3660 580 3698 SNIE
632 3658 654 3710 d)
669 3657 755 3698 modice
770 3659 798 3696 W
848 3661 869 3706 o)
883 3659 980 3698 nominis
994 3659 1022 3696 W
1072 3655 1159 3708 Odeesi
1173 3658 1203 3700 W.
1478 3659 1503 3699 ³5

344 3803 369 3867 1)
390 3802 481 3852 Berno
501 3801 523 3852 I.
549 3803 686 3866 episcopus
705 3801 918 3865 Oseebrrpensis
942 3806 1063 3852 mortuus
1088 3806 1124 3850 est
1149 3799 1191 3848 die
1210 3800 1251 3850 19.
1270 3799 1323 3848 sire
1345 3799 1388 3854 20.
1406 3797 1459 3846 sire

342 3874 385 3926 21.
405 3873 501 3922 mensis
520 3872 679 3937 Septembris
697 3873 766 3922 anui
784 3874 861 3935 1068,
887 3873 921 3934 cf.
941 3874 1013 3924 Arra.
1034 3870 1247 3933 Osnebrepeeses
1271 3867 1457 3930 (Uenabrrieic.

344 3942 600 4008 Gesebichisqeellea'
620 3943 642 4004 I,
657 3945 681 4006 2,
702 3957 767 4008 ques
785 3950 885 3994 secutis
904 3949 941 3993 est
953 3942 1091 3992 Ertmanri
1109 3940 1142 3992 ib.
1157 3940 1179 4002 I,
1193 3941 1248 4004 49),
1273 3940 1349 3990 Wiite
1363 3955 1392 4004 p.
1406 3940 1458 3992 268

342 4016 404 4080 (qui
426 4016 499 4066 Aere.
525 4012 682 4077 Iburpenses
707 4013 854 4079 deperditos
879 4014 1019 4077 sequitur),
1049 4011 1234 4075 Necroleyium
1261 4009 1460 4075 Ornatrupeese

343 4085 487 4149 rMeuei
513 4085 558 4134 des
584 4083 677 4136 histor.
704 4084 812 4134 Vereins
837 4099 871 4134 ze
899 4081 1061 4134 Osrebrield
1080 4082 1131 4145 IV,
1160 4082 1210 4135 156
1220 4084 1262 4139 s).
1299 4081 1460 4147 Lampetes
1477 4093 1503 4130 ro

342 4157 541 4219 Hersfeldeesis
559 4155 609 4219 (ed.
629 4153 832 4219 Holder·E99er
847 4171 876 4220 p.
891 4156 955 4210 104)
980 4158 1089 4203 moriem
1107 4153 1244 4203 Beeeenis
1262 4151 1284 4205 l.
1303 4152 1340 4202 ad
1357 4167 1459 4202 aunem

345 4229 421 4280 1067.
440 4233 548 4291 narret,
573 4227 617 4276 eui
634 4226 724 4288 Meyer
743 4243 764 4276 e.
784 4224 903 4275 Kronou
926 4223 1119 4286 (Jahrbiicber
1137 4225 1181 4274 des
1201 4223 1348 4273 Deeisehee
1365 4221 1460 4276 Reicies

343 4303 422 4348 enter
440 4297 571 4349 Heinrich
590 4297 608 4347 Ι
610 4297 640 4349 V.
660 4295 716 4346 eud
733 4295 866 4346 Heinrich
888 4295 928 4348 V!
947 4294 975 4357 I,
994 4296 1046 4349 576
1065 4295 1101 4348 N.
1119 4297 1165 4354 54)
1184 4293 1261 4358 fidem
1278 4293 1389 4355 hebuit·
1416 4293 1460 4344 sed

343 4384 401 4418 eum
419 4384 524 4419 errasse
541 4375 634 4420 nostre
652 4370 707 4418 cita
724 4366 828 4433 probet.
903 4368 931 4433 2)
950 4365 1096 4416 Heinrieus
1113 4381 1163 4417 rer
1181 4365 1206 4417 d.
1225 4367 1268 4418 28.
1288 4380 1322 4418 m.
1343 4363 1460 4415 Octobris

344 4455 369 4492 e.
391 4440 467 4493 1068.
494 4441 523 4488 in
547 4442 601 4491 eico
619 4439 738 4491 Roehliiz
756 4439 875 4505 di'piomu
900 4439 971 4490 dedii
996 4436 1123 4502 (Siumpf
1138 4436 1229 4499 2720),
1256 4436 1325 4484 diem
1342 4435 1460 4485 natalem
1479 4448 1505 4486 ee
1609 4497 1610 4506 ἵ
