3262 5024
364 425 461 480 VITA
479 422 672 479 BENNONIS
689 422 729 479 H.
748 421 921 478 EPISOOPI
939 421 1265 478 OSNABRUGENSIS.
1342 425 1376 478 31

260 609 369 673 multo
404 610 482 692 post
517 608 610 691 apud
645 605 825 670 Salernum
866 605 957 670 diem
992 605 1117 668 clausit
1152 604 1374 670 extremum1.
1397 615 1473 668 1085.

259 699 391 761 Exinde
414 698 483 760 iam
507 716 567 778 spe
583 695 731 779 quadam
747 695 943 759 securitatis
959 698 1110 776 accepta,
1136 694 1295 758 dominus
1311 695 1378 778 epi-

259 806 381 870 scopus
404 786 450 849 ad
473 786 588 849 sedem
612 804 776 860 reversus,
805 783 976 865 reliquum
1000 783 1070 846 iam
1093 785 1230 866 tempus
1254 784 1378 847 aetatis

259 875 398 940 omnino
415 874 585 958 disposuit
601 875 771 937 semotum
787 892 889 955 agere
913 872 956 936 ab
980 871 1074 936 omni
1097 872 1259 936 exteriori
1282 893 1378 936 occu-

228 985 241 1025 s
259 965 399 1048 patione
416 967 451 1026 et
467 983 605 1045 prorsus
622 983 643 1024 a
657 961 756 1044 regni
771 961 921 1044 negotiis
940 959 1101 1024 alienum.
1137 961 1182 1023 Et
1205 961 1287 1044 quia
1308 962 1378 1024 iam

260 1054 333 1117 eius
357 1052 495 1135 penitus
520 1050 767 1133 desperabatur
782 1050 941 1125 reversio,
966 1050 1167 1133 praesertim
1184 1050 1266 1112 dum
1283 1050 1378 1114 senio

261 1142 329 1204 iam
353 1143 554 1223 gravaretur
584 1142 620 1204 et
643 1139 780 1215 morbis,
813 1137 920 1221 aliqui
950 1137 1094 1220 maligni
1124 1139 1161 1201 in
1184 1139 1287 1201 huius
1311 1138 1378 1202 loci

262 1230 530 1294 destructionem
553 1228 746 1305 inhiabant,
771 1230 936 1311 putantes
959 1247 994 1292 se
1019 1226 1209 1310 locupletes
1229 1227 1377 1304 futuros,

262 1320 290 1382 si
307 1319 371 1382 Dei
396 1318 501 1382 servis
525 1317 676 1400 expulsis
699 1316 790 1380 bona
806 1316 872 1379 sibi
895 1316 1059 1380 ecclesiae
1082 1316 1203 1380 liceret
1219 1316 1377 1399 diripere.

217 1430 244 1468 10
263 1408 362 1471 Unde
378 1407 539 1470 abbatem
556 1406 593 1468 in
609 1405 758 1469 maxima
768 1405 996 1469 tribulatione
1013 1408 1048 1468 et
1064 1405 1181 1469 labore
1193 1406 1377 1487 reperiens,

262 1497 457 1577 multosque
495 1497 561 1558 hoc
599 1495 723 1557 timore
769 1494 969 1576 perterritos
1014 1494 1193 1557 recessisse
1235 1514 1275 1556 ex
1313 1495 1379 1556 fra·

260 1585 383 1657 tribus,
394 1588 396 1592 ’
409 1583 462 1645 his
486 1582 651 1646 litterulis
674 1583 799 1647 iterum
815 1583 1029 1665 Reginhardi
1046 1582 1181 1646 abbatis
1197 1582 1380 1665 flagitabat

263 1671 446 1735 auxilium:

372 1761 443 1822 ‘RJ
470 1760 598 1837 abbati,
634 1761 707 1825 viro
736 1760 993 1843 religiosissimo
1024 1760 1244 1842 paternitatis
1275 1760 1380 1824 beati-

220 1872 245 1910 is
263 1849 384 1913 tudine
422 1849 609 1913 sublimato
644 1853 680 1914 et
714 1850 864 1912 filiorum
899 1849 1185 1932 circumseptione
1220 1849 1378 1932 gloriosa

263 1938 382 2002 Benno
406 1937 547 2001 humilis
571 1939 639 2002 Dei
662 1938 879 2020 providentia
903 1935 1177 2020 Osnabrugensis
1201 1939 1380 2022 episcopus

262 2025 505 2090 benedictionem
544 2047 565 2088 a
602 2023 743 2088 Domino
777 2030 805 2088 et
841 2023 1094 2088 misericordium
1132 2048 1153 2089 a
1190 2025 1261 2089 Deo
1298 2026 1381 2090 ccl-

263 2113 328 2177 icri
350 2115 438 2177 suot
477 2113 610 2193 Quibus
633 2119 669 2178 te
693 2114 854 2178 laudibus
870 2114 1021 2188 efferam,
1046 2115 1170 2190 nescio,
1196 2117 1256 2178 sed
1279 2135 1380 2198 quem

262 2224 333 2267 non
356 2203 444 2268 latet
468 2205 675 2268 desiderium
699 2225 823 2279 meum,
854 2196 951 2266 totab
979 2203 1105 2266 mentis
1127 2204 1321 2268 intentione
1346 2208 1381 2268 et

218 2293 397 2357 insincera
431 2294 614 2357 devotione
645 2293 834 2357 committo.
888 2290 1042 2374 Coepisti
1072 2295 1165 2355 certe
1195 2313 1249 2356 me
1279 2293 1381 2356 beare

264 2401 323 2464 spe
347 2381 507 2455 filiorum,
538 2383 630 2444 unde
660 2382 719 2444 siti
749 2401 844 2444 meae
867 2381 1036 2444 fervorem
1060 2381 1187 2444 auxisti
1215 2381 1379 2460 divinum,

265 2476 300 2532 et
324 2489 425 2543 nunc,
450 2471 549 2551 pater
572 2473 700 2545 sancte,
725 2489 860 2551 quaeso,
893 2490 935 2531 ne
960 2472 995 2532 te
1019 2478 1139 2552 gravet
1163 2470 1282 2534 crebra
1306 2492 1382 2535 mea

265 2557 398 2640 petitio.
436 2557 601 2621 Direxisti
616 2557 743 2640 quippe
759 2577 922 2640 sponsum
937 2557 1100 2620 idoneum
1116 2557 1208 2620 filiae
1232 2561 1379 2636 nostrae,

266 2645 294 2709 si
318 2645 515 2710 submiseris
539 2646 817 2729 supplementum
842 2645 982 2727 aliquod
1006 2645 1181 2729 sponsioni
1212 2647 1301 2710 eius:
1333 2668 1380 2709 re·

220 2759 246 2797 a
265 2737 441 2798 cesserunt
464 2735 592 2799 etenim
617 2757 637 2797 a
659 2734 768 2811 nobis,
793 2735 852 2817 qui
876 2755 945 2798 non
969 2737 1067 2799 erant
1091 2755 1132 2798 ex
1154 2734 1269 2809 nobis;
1303 2756 1380 2816 qua-

264 2828 414 2906 propter,
446 2825 594 2898 domine,
626 2824 770 2887 condole
800 2824 970 2907 paucitati
999 2827 1137 2887 nostrae
1162 2828 1197 2888 et
1221 2845 1380 2888 succurre

264 2912 475 2995 plantacioni
513 2913 680 2976 novellae.
735 2912 822 2974 Vale
861 2913 936 2987 diu,
976 2912 1052 2974 vale
1091 2913 1201 2975 nostri
1239 2934 1378 2990 memor,

264 3003 362 3082 pater
386 3000 525 3064 sancte’.

371 3089 502 3152 Iterum
527 3109 608 3171 ergo
627 3088 794 3152 fratribus
811 3089 922 3152 missis
937 3089 1031 3153 omni
1047 3089 1162 3152 studio
1178 3109 1379 3172 recuperare

219 3199 245 3238 ro
263 3179 440 3240 tantarum
471 3199 642 3242 morarum
673 3177 854 3261 dispendia
881 3178 1015 3254 statuit,
1047 3177 1210 3260 pleraque
1234 3199 1274 3242 eo
1298 3182 1380 3242 tem·

264 3286 345 3348 pore
369 3286 410 3330 ex
434 3267 541 3330 nimia
562 3267 786 3331 festinatione
814 3287 993 3350 perpessus
1023 3268 1287 3349 impedimenta;
1320 3269 1379 3331 sed

262 3356 335 3438 ipse
360 3357 556 3419 constantia
580 3355 694 3433 animi,
727 3377 795 3438 qua
819 3357 952 3419 cunctis
976 3357 1184 3439 praestabat,
1216 3357 1379 3439 quicquid

264 3444 397 3508 adversi
421 3445 603 3521 acciderat,
633 3446 670 3506 in
702 3445 830 3508 bonum
861 3445 1063 3528 accipiebat,
1095 3465 1172 3508 raro
1196 3445 1318 3509 solitus
1343 3446 1379 3508 in

264 3531 378 3614 aliqua
401 3553 515 3596 rerum
540 3533 749 3596 adversitate
773 3553 846 3596 esse
868 3533 1021 3597 deiectus
1037 3537 1099 3596 aut
1113 3533 1211 3596 nulla
1227 3554 1379 3616 unquam

220 3647 245 3686 a
263 3622 491 3704 prosperitate
522 3642 670 3686 securus.
718 3622 799 3684 aar
829 3625 945 3685 autem
968 3622 1051 3698 tale,
1082 3623 1174 3704 quod
1197 3623 1378 3685 dicimus⁰.

370 3732 422 3790 23.
458 3728 571 3805 Forte,
608 3748 685 3790 cum
719 3729 830 3812 paries
861 3728 1070 3792 meridianus
1100 3729 1208 3803 fieret,
1240 3731 1275 3792 et
1309 3729 1379 3792 iam
1400 3733 1455 3802 (29)

263 3817 497 3896 proximadie
521 3817 699 3880 beatorum
724 3821 914 3900 martyrum
939 3816 1087 3900 Crispini
1111 3819 1146 3881 et
1171 3816 1379 3900 Crispiniani

263 3903 409 3968 instaret
424 3905 596 3969 festivitas
606 3905 627 3983 ³,
656 3906 882 3987 certatimque
899 3906 1124 3970 festinaretur
1148 3906 1191 3969 ab
1209 3907 1377 3983 omnibus,

265 3993 433 4070 quatenus
457 4014 477 4055 a
501 3996 710 4078 praescripto
741 3996 790 4059 eis
813 3995 926 4078 operis
948 3995 1097 4059 termino
1128 3995 1231 4058 citius
1258 3995 1379 4060 liceret

220 4169 247 4208 ιο
265 4160 432 4212 asseverando
447 4173 524 4212 omncs,
543 4167 600 4214 quod
618 4177 644 4204 cx
661 4166 722 4213 fulua
741 4167 916 4216 immutatione
934 4167 1099 4206 abbreviaturae
1113 4167 1139 4210 R.
1153 4168 1209 4213 (scil.
1224 4167 1380 4220 Reginhardo)

265 4219 335 4252 ortum
350 4225 394 4253 asse
403 4226 448 4263 pro
462 4221 517 4255 certo
532 4218 599 4257 habeo
653 4219 675 4266 b)
689 4220 721 4258 ita
736 4220 819 4265 SNIE:
833 4224 897 4260 tanta
907 4221 925 4258 G
993 4221 1014 4270 c)
1028 4226 1061 4260 cst
1075 4243 1101 4250 -
1115 4220 1208 4260 dicimus
1225 4222 1281 4260 deest
1296 4222 1379 4271 sula,-

264 4269 360 4315 fortusac
373 4269 527 4308 emendandum
541 4269 652 4320 dicemus;
667 4272 694 4318 cf.
709 4273 787 4311 uitiata
800 4274 865 4312 verba
879 4285 927 4322 cap.
938 4274 972 4318 24,

266 4393 292 4459 1)
307 4393 359 4444 De
371 4394 414 4447 25.
427 4409 461 4447 m.
474 4392 547 4444 Maii
563 4409 589 4448 a.
604 4395 680 4449 1085.
744 4395 772 4463 2)
791 4395 959 4460 Patauii
1023 4398 1051 4463 3)
1073 4397 1239 4454 Dianam.
1255 4399 1378 4454 anbris.
