3262 5024
268 454 303 507 38
375 451 471 506 VITA
489 451 682 509 BENNONIS
700 453 739 510 ΙΙ.
759 455 933 511 EPISOOPI
952 457 1277 517 OSNABRUGENSIS.

173 648 249 703 1088.
270 635 354 697 mini
380 635 559 699 sceleratis
584 639 777 703 consentire
802 638 1008 703 calumniis?
1055 642 1254 708 Reclamate
1278 645 1384 727 igitur

269 726 303 787 ct
332 724 491 800 resistite,
524 727 732 809 repercutite
761 728 885 810 impios
917 732 951 792 et
985 730 1151 795 revincite
1182 735 1217 796 et
1247 733 1284 796 in
1314 735 1383 798 suis

269 831 326 876 eos
356 812 541 877 sceleribus
571 815 607 877 in
632 817 877 899 sempiternum
901 821 1035 882 vestrae
1059 820 1237 884 fidelitatis
1261 843 1384 886 memo-

268 901 354 965 riale
378 902 591 967 confundite.
628 902 799 982 Quoniam
816 909 931 970 autem
949 928 1010 970 nos
1027 908 1173 973 maiores
1189 911 1243 972 his
1267 932 1383 975 sumus

269 994 304 1053 et
326 991 453 1074 plnres,
477 994 598 1056 tantae
621 993 856 1076 impudentiae
873 998 908 1058 et
925 996 1166 1062 stolidissimae
1190 1020 1415 1083 praesumps

268 1080 356 1143 tioni
382 1081 551 1144 contraire
576 1085 611 1145 et
635 1082 772 1147 obviare
796 1084 1001 1146 facillimum
1027 1087 1101 1161 erit,
1128 1088 1156 1149 si
1179 1109 1249 1151 non
1266 1092 1384 1170 postea

268 1169 509 1252 ignorantibus
553 1172 636 1234 haec
676 1173 851 1253 questuri³
890 1176 1004 1236 esseut
1042 1195 1077 1238 se
1116 1177 1218 1240 armis
1258 1178 1382 1260 potius,

268 1279 370 1340 quarn
401 1260 534 1322 ratione
565 1260 727 1323 devictos.
768 1261 894 1325 Verum
925 1262 1005 1344 quid
1039 1263 1178 1328 differre
1202 1266 1382 1340 credimus,

269 1367 335 1429 quo
360 1351 462 1429 pacto
485 1348 716 1426 revincantur,
741 1351 799 1432 qui
822 1353 894 1412 tam
918 1372 1076 1434 perversa
1098 1353 1313 1416 moliuntur?
1337 1359 1384 1417 at-

269 1437 327 1518 qui
351 1437 459 1518 possit
483 1437 539 1519 agi
562 1437 674 1501 lenius
698 1459 775 1502 cum
799 1440 862 1515 his,
894 1440 923 1502 si
946 1440 1056 1503 solum
1082 1462 1204 1524 corpus
1228 1444 1429 1508 exanimem

269 1531 304 1588 et
327 1545 398 1588 non
422 1525 535 1589 locum
559 1527 670 1610 ipsum
695 1527 890 1591 niterentur
908 1530 1054 1594 auferre.
1091 1529 1175 1608 Quis
1191 1551 1271 1594 vero
1288 1533 1381 1608 haec,

269 1635 288 1677 o
308 1614 544 1678 insanissimae
562 1616 686 1678 mentis
703 1616 848 1692 belluae,
874 1622 1007 1682 vestrae
1025 1621 1192 1683 concessit
1208 1621 1382 1702 potestati,

267 1706 382 1766 vestro
413 1704 567 1785 permisit
598 1704 764 1767 arbitrio?
811 1705 1035 1770 chtremae
1066 1710 1302 1790 perversitatis
1332 1730 1383 1773 ve·

269 1787 416 1856 santam!
457 1791 686 1856 Oinauditae
710 1793 976 1855 machinationis
1000 1797 1196 1859 audaciam!
1238 1794 1266 1859 Ο
1291 1817 1383 1880 spur·

269 1881 439 1945 cissimam
463 1901 636 1945 servorum
660 1880 908 1944 temeritatem!
934 1901 1020 1962 quae
1044 1903 1086 1944 ex
1101 1883 1166 1944 tali
1182 1883 1247 1946 sibi
1263 1886 1383 1965 rapina
1403 1907 1428 1944 rs

269 1971 417 2034 somniat
448 1970 595 2044 divitias,
630 1990 670 2032 ex
700 1969 767 2032 Dei
796 1969 923 2031 iniuria
957 1969 1088 2032 solatur
1122 1970 1283 2053 inopiam,
1318 1992 1381 2035 nec

268 2051 440 2123 funereisb
461 2059 598 2141 quidem
619 2058 795 2122 abstinens
814 2058 941 2140 spoliis,
962 2059 1043 2120 dum
1061 2058 1219 2122 consulat
1235 2060 1382 2143 praedae

269 2151 304 2212 et
327 2149 480 2212 nefariae
504 2147 674 2230 cupidinis
698 2145 834 2229 expleat
864 2147 1068 2229 appetitum.
1116 2147 1182 2212 Sed
1213 2148 1295 2230 quid
1319 2168 1382 2230 ego

268 2236 492 2320 progredior?
516 2237 597 2318 quid
621 2235 733 2299 verbis
757 2235 993 2299 auscultantes
1014 2237 1152 2299 detineo
1169 2237 1269 2319 plura
1285 2237 1382 2319 repli-

269 2327 378 2390 cando
402 2346 503 2408 quam
529 2324 717 2407 competit?
751 2323 934 2388 Enimvero
957 2325 1147 2407 indignitas
1170 2326 1220 2388 rei
1244 2329 1279 2389 et
1302 2325 1382 2388 faci·
1402 2348 1429 2386 ro

268 2415 359 2478 noris
383 2413 595 2494 magnitudo,
627 2433 714 2494 quae
742 2415 827 2476 haec
850 2414 1007 2496 profecto
1031 2435 1085 2477 me
1109 2413 1272 2495 loquente
1297 2435 1383 2478 com·

267 2505 411 2586 ponunt,
443 2501 547 2584 digne
570 2523 590 2563 a
613 2501 711 2565 nullo
742 2502 921 2566 hominum
948 2503 1112 2586 explicari
1134 2505 1299 2586 poterunt
1322 2507 1384 2566 aut

267 2591 436 2654 facultate
479 2590 609 2673 ingenii
652 2594 713 2654 aut
747 2591 946 2675 prolixitate
979 2592 1173 2655 verborum.
1230 2593 1278 2655 At
1312 2613 1381 2662 vos,

268 2679 516 2744 abominabiles
539 2680 624 2756 Deo,
655 2681 759 2744 factis
790 2701 875 2762 opus
898 2681 1044 2745 tentatis
1068 2686 1104 2745 et
1128 2682 1294 2757 manibus,
1327 2681 1384 2744 cui

267 2770 388 2852 lingua
418 2769 528 2832 omnis
558 2769 718 2851 ponderis
748 2769 964 2832 immanitate
991 2769 1194 2832 succumbit.
1242 2771 1309 2834 Sed
1333 2769 1383 2832 nil
1402 2791 1428 2830 ns

268 2859 341 2942 agit
371 2859 456 2920 haec
486 2861 601 2920 vestra
630 2857 844 2940 perversitas,
881 2856 1083 2940 nullumque
1117 2859 1209 2921 tanti
1245 2859 1382 2922 sceleris

268 2947 440 3011 obtinebit
464 2946 642 3010 effectum!
678 2946 750 3009 Nos
773 2947 893 3009 futuro
915 2947 1053 3010 domino
1069 2948 1259 3011 incolumes
1275 2968 1382 3012 serva·

267 3036 380 3100 bimus
402 3035 575 3098 tumulum
601 3039 636 3099 et
659 3037 860 3110 monachos;
893 3035 966 3099 eius
994 3039 1086 3100 certe
1109 3037 1293 3119 potestatis
1317 3037 1382 3100 erit

268 3125 440 3189 custodire
471 3128 506 3188 et
535 3125 700 3201 venerari,
732 3126 761 3186 si
791 3124 901 3187 malus
931 3145 1001 3187 non
1025 3126 1100 3200 crit,
1132 3129 1193 3188 aut
1218 3126 1382 3207 dissipare

268 3217 304 3278 et
326 3215 479 3297 perdere,
504 3213 533 3277 si
549 3217 681 3277 vestrae
698 3214 862 3299 pravitati
878 3217 1069 3277 consortem
1087 3235 1122 3278 se
1138 3215 1271 3278 fecerit.
1307 3213 1382 3274 Iam
1401 3233 1427 3272 ao

267 3324 347 3368 vero
378 3323 432 3366 me
462 3303 563 3385 plura
586 3303 783 3384 loquentem
815 3322 896 3384 prae
927 3301 1024 3366 luctu
1047 3303 1152 3366 verba
1176 3302 1379 3373 destituunt,

268 3395 303 3455 et
326 3393 363 3454 in
391 3391 496 3455 talem
522 3391 662 3454 tandem
694 3391 952 3454 exclamationis
983 3393 1084 3455 finem
1115 3390 1328 3472 impingunt:
1361 3407 1380 3448 o

211 3484 216 3496 '
267 3480 542 3544 infelicissimum
567 3480 775 3562 praesuleml
813 3481 892 3542 oin
917 3480 1032 3562 aliquo
1056 3481 1225 3541 humanae
1249 3475 1380 3558 fragili-

267 3570 351 3633 tatis
376 3589 514 3633 excessu
538 3569 689 3631 divinam
713 3569 945 3633 offendentem
972 3565 1206 3631 clementiam!
1238 3565 1293 3628 cui
1318 3585 1380 3628 nec

267 3659 304 3721 in
328 3662 437 3723 morte
461 3658 543 3722 licet
566 3659 729 3742 praedam
752 3679 822 3721 non
846 3678 928 3732 esse,
959 3676 1022 3719 nec
1053 3655 1090 3717 in
1120 3656 1284 3717 cadavere
1308 3653 1381 3718 sine
1401 3674 1427 3714 aa

267 3748 435 3812 seditione
459 3747 681 3830 putrescerel’

188 3841 244 3909 (41)
375 3842 427 3897 28.
463 3835 579 3899 Haec⁰
613 3837 686 3899 viro
717 3856 820 3918 supra
850 3835 1037 3898 memorato
1071 3832 1189 3895 vultus
1222 3831 1381 3894 acredine

268 3929 303 3990 et
326 3925 556 3988 concitissimo
580 3926 705 3989 mentis
727 3924 860 4006 impetn
876 3923 1112 4006 prosequente,
1137 3915 1378 4002 gravissimaell

267 4015 360 4096 rigor
388 4014 637 4097 indignationis
667 4012 794 4076 molliri
824 4011 937 4094 coepit
967 4010 1036 4071 iam
1070 4010 1107 4072 in
1141 4009 1310 4085 lacrimas,
1347 4012 1383 4073 et

268 4104 398 4166 animos
421 4103 517 4186 vulgi
540 4102 710 4186 ignobiles
733 4099 900 4182 paulatim
926 4099 968 4162 ad
991 4098 1259 4162 misericordiam
1274 4098 1380 4174 flexit,
1400 4121 1427 4157 m

267 4212 351 4273 quos
374 4192 496 4255 timere
519 4191 706 4275 plurimum
730 4188 937 4270 asperrimae
967 4187 1171 4252 invectionis
1201 4188 1381 4250 nimietate

267 4345 289 4396 a)
303 4353 409 4396 questura
417 4346 505 4396 (S?)N,·
519 4349 639 4393 quaestura
650 4343 716 4392 ern,
730 4344 849 4382 murcavit
863 4343 1039 4394 Homer-Egon
1079 4343 1102 4394 b)
1121 4345 1153 4382 lta
1162 4344 1194 4391 G;
1213 4342 1298 4381 funeris
1312 4337 1383 4378 snm

267 4403 287 4449 c)
301 4401 333 4438 lta
347 4401 430 4449 snm,-
445 4401 486 4439 hac
496 4400 515 4437 G
569 4397 592 4446 d)
606 4398 736 4446 gravissime
750 4397 866 4449 G(S?)NI,
881 4402 900 4437 et
914 4399 967 4439 hacc
979 4399 1075 4446 fortasse
1088 4398 1166 4438 codicis
1180 4394 1309 4445 antiquioris
1322 4392 1381 4432 lectio

267 4459 314 4492 erat
328 4455 365 4492 ubi
378 4465 401 4494 -e
410 4464 455 4503 pro
468 4463 506 4492 -ae
519 4452 623 4500 scriptum
636 4451 704 4498 fuisse
713 4455 792 4501 potest.
