3262 5024
308 458 342 511 18
415 453 510 509 VITA
528 450 719 506 BENNONIS
738 449 777 507 II.
796 449 970 505 EPISOOPI
988 447 1312 510 osNAsRUGnNSIS.

309 639 517 720 acceptaque
548 635 735 711 occasione,
771 654 850 697 cum
883 634 953 697 iam
982 633 1134 714 undique
1164 633 1297 696 videret
1333 633 1425 697 bella

309 745 523 807 consurgere,
555 726 623 787 hnc
653 743 689 787 se
719 723 916 786 omnimoda
945 721 1057 785 cordis
1082 723 1117 785 et
1141 721 1291 804 corporis
1313 722 1424 785 inten-

308 814 403 877 tione
435 813 593 885 contulit,
630 833 650 874 a
679 812 939 895 praedecessore
974 831 1035 874 suo
1065 809 1133 872 iam
1166 809 1344 891 aliquanta
1376 811 1423 873 in·

309 903 445 966 chonca
457 906 555 984 parte
571 921 756 976 murorum,
781 900 892 964 omnis
908 899 1043 982 generis
1059 899 1265 962 aedificandi
1281 919 1424 963 commo-

309 991 468 1054 dissimea
501 993 639 1072 reperta
668 989 822 1053 materia.
870 987 957 1051 Oum
987 990 1103 1051 autem
1134 987 1202 1050 iam
1226 988 1365 1051 detecta
1386 989 1456 1052 ins

214 1087 291 1140 1073.
311 1082 447 1163 apertas
472 1079 672 1142 inimicitias
695 1098 876 1160 erumpens
900 1077 1024 1140 fuisset
1040 1076 1213 1139 Saxonum
1236 1076 1296 1139 diu
1311 1076 1423 1140 latens

311 1168 472 1231 simulata
504 1167 682 1242 subiectio,
714 1169 895 1248 totumque
924 1185 1068 1246 regnum
1098 1165 1192 1228 vario
1216 1165 1344 1247 ubique
1368 1187 1424 1229 no-

311 1277 430 1319 varum
464 1255 657 1318 factionum
692 1257 893 1337 quateretur
925 1253 1093 1337 impulsu,
1134 1254 1342 1337 expulsoque
1382 1255 1423 1318 de

310 1344 458 1408 Saxonis
480 1343 583 1426 rege1
605 1344 759 1406 fautores
783 1343 837 1405 sui
860 1348 938 1426 post
961 1364 997 1406 se
1013 1342 1126 1406 relicti
1140 1343 1329 1406 innumeris
1345 1337 1444 1424 quo·¹

309 1434 394 1496 tidie
418 1431 580 1516 periculis
603 1435 817 1514 urgerentur,
842 1432 987 1494 illustris
1010 1432 1063 1493 vir
1086 1435 1121 1494 et
1137 1432 1287 1515 prudens
1304 1431 1423 1496 Benno
1444 1459 1470 1497 ro

310 1521 489 1604 episcopus
520 1521 629 1584 sciens
660 1541 695 1584 se
726 1541 827 1603 super
858 1522 923 1584 hoo
946 1541 1029 1584 voce
1058 1520 1251 1582 dominiea2
1274 1541 1424 1603 praemo-

310 1611 431 1686 nitum,
457 1611 538 1692 quia
561 1612 698 1692 oportet
722 1611 806 1672 haec
823 1609 906 1686 fieri,
932 1609 992 1672 sed
1016 1609 1169 1672 nondum
1193 1610 1312 1672 statim
1336 1609 1422 1684 finis,

311 1699 376 1762 etsi
410 1698 512 1760 huius
547 1698 679 1780 negotii
713 1698 782 1760 iam
817 1701 897 1761 ante
931 1718 1000 1760 non
1036 1703 1126 1761 esset
1155 1698 1304 1780 ignarus,
1340 1701 1424 1761 tunc

309 1790 427 1850 tamen
465 1786 622 1869 propiore
660 1785 859 1848 stimulatus
898 1785 1061 1868 periculo,
1100 1788 1194 1849 omni
1231 1786 1424 1850 intentione

310 1875 470 1957 omnique
493 1874 620 1950 labore,
646 1875 792 1956 denique
809 1875 902 1938 omni
917 1875 1074 1958 impensa
1090 1879 1125 1938 et
1141 1875 1256 1938 studio
1273 1880 1422 1939 montem
1444 1901 1470 1940 15

310 1963 445 2026 firmare
469 1966 505 2026 et
528 1964 661 2027 munire
685 1965 827 2040 curavit,
854 1965 923 2026 suis
947 1967 982 2027 et
1006 1964 1071 2027 sibi
1094 1965 1228 2045 totique
1252 1965 1425 2047 episcopio

311 2056 443 2116 certum
481 2053 717 2135 praeparando
755 2053 965 2134 praesidium
1010 2053 1256 2134 universaeque
1293 2053 1426 2136 regioni

310 2144 403 2206 certe
428 2161 608 2205 commune
631 2141 815 2224 refugium.
852 2140 951 2218 Quod
968 2145 1004 2204 et
1027 2144 1146 2224 postea
1165 2142 1322 2218 vidimus,
1348 2163 1425 2205 oum

310 2229 396 2294 haec
411 2230 493 2293 urbs
510 2231 668 2294 omnibus
683 2230 806 2293 fuisset
823 2231 979 2313 profecto
995 2230 1192 2293 hominibus
1205 2233 1239 2293 et
1251 2231 1424 2308 iumentis,

310 2319 469 2400 frugibus
494 2322 529 2381 et
546 2320 710 2394 vestibus,
735 2319 924 2400 pecudibus
941 2321 976 2382 et
990 2319 1080 2380 vasis
1096 2319 1256 2401 omnique
1272 2321 1426 2382 omnium
1445 2347 1472 2385 eo

311 2407 544 2490 suppellectili
567 2407 751 2470 fidissimae
775 2407 1008 2470 absconsionis
1031 2407 1182 2490 receptio
1206 2409 1242 2469 in
1262 2411 1338 2471 tota
1353 2411 1425 2471 tam

311 2495 448 2558 diutina
470 2498 610 2578 tamque
634 2497 805 2559 horrenda
820 2498 1027 2578 tempestate
1044 2495 1223 2559 bellorum.
1260 2496 1426 2574 Quotiens

311 2585 401 2648 enim
427 2584 576 2648 Saxones
601 2607 679 2648 oum
704 2585 773 2648 suis
797 2586 945 2667 regibus,
977 2605 1061 2667 quos
1092 2585 1158 2648 sibi
1182 2586 1323 2667 expulso
1346 2606 1427 2668 rege

312 2673 464 2736 Henrico
500 2677 708 2748 creaverant,
745 2674 834 2735 hanc
867 2677 992 2736 terram
1024 2673 1178 2752 generali
1209 2673 1426 2753 expeditione

311 2761 503 2834 vastabant,
529 2761 614 2822 haec
638 2760 719 2822 urbs
744 2759 816 2820 sola
840 2760 887 2821 eis
903 2759 1090 2820 fortissime
1106 2760 1236 2821 restitit
1253 2761 1288 2822 et
1308 2780 1426 2823 omnes
1446 2789 1473 2827 es

313 2847 552 2929 confugientes
569 2847 613 2909 ad
630 2866 665 2910 se
680 2846 855 2908 tutissima
870 2845 1084 2928 protectione
1101 2845 1268 2908 defendit.
1297 2846 1425 2908 Verum

312 2938 403 3000 inter
429 2938 513 3000 haec
538 2935 716 3018 episcopus
747 2938 872 3010 noster,
904 2955 986 2997 suae
1016 2934 1248 3017 promissionis
1275 2955 1344 2997 non
1367 2934 1425 2996 im·

311 3045 449 3100 memor,
487 3025 652 3107 quidquid
689 3027 808 3087 sancto
843 3023 1015 3087 Clementi
1048 3023 1081 3085 in
1120 3023 1175 3086 die
1206 3023 1426 3086 exaltationis

313 3133 393 3177 suae
417 3114 609 3189 devoverat,
640 3114 714 3196 iugi
744 3113 781 3175 in
811 3113 925 3176 animo
949 3112 1175 3176 meditatione
1202 3115 1425 3194 pertractans,

313 3203 374 3267 ubi
403 3203 519 3285 potius
550 3202 669 3277 altare,
706 3202 797 3283 quod
829 3205 979 3272 voverat,
1016 3201 1207 3264 consecrari
1241 3203 1474 3284 oporteretne

314 3293 373 3354 diu
393 3291 560 3374 cogitasse
577 3291 793 3372 perhibetur;
819 3290 879 3354 sed
902 3290 1053 3366 tandem,
1071 3290 1151 3372 quia
1166 3289 1280 3352 locum
1295 3282 1422 3352 istumb

313 3381 357 3443 ad
388 3382 522 3454 cuncta,
554 3399 641 3461 quae
671 3379 838 3453 voluerat,
871 3381 1123 3461 competentem
1145 3379 1296 3455 videbat,
1327 3382 1368 3441 ut
1391 3397 1426 3441 se

313 3470 369 3531 hic
393 3468 543 3550 corporis
567 3468 738 3551 praesidio
762 3467 936 3550 gaudebat
961 3487 1032 3531 esse
1057 3488 1224 3544 securum,
1248 3467 1299 3530 ita
1322 3468 1426 3531 etiam

312 3579 347 3622 se
367 3557 423 3620 hio
443 3556 616 3640 spirituali
635 3557 731 3619 lucro
751 3557 884 3619 animae
904 3576 985 3619 suae
1005 3555 1110 3618 saluti
1129 3557 1321 3639 prospicere
1341 3554 1426 3618 salu-

312 3647 460 3711 berrima
477 3645 677 3710 definitione
695 3646 856 3709 decrevit.
895 3645 1019 3726 Itaque
1036 3644 1152 3728 lignea
1168 3644 1349 3727 capellula,
1367 3642 1427 3705 ubi
1446 3670 1473 3709 aa

311 3757 403 3799 nuno
419 3735 541 3799 beatae
554 3735 621 3798 Dei
635 3734 812 3816 genitricis
829 3734 1017 3797 oratorium
1034 3734 1196 3810 cernitur,
1220 3733 1428 3796 festinanter

312 3826 479 3898 extructa,
505 3823 614 3886 altare
637 3823 687 3885 ibi
710 3824 747 3884 in
770 3823 863 3886 beati
881 3821 1068 3886 Clementis
1089 3823 1218 3884 honore
1243 3821 1425 3896 dedicavit,

311 3913 348 3975 id
378 3932 512 3994 quoque
550 3911 627 3994 piae
665 3911 840 3974 devotioni
870 3912 1031 3986 adiciens,
1069 3913 1118 3985 nt,
1155 3909 1184 3972 si
1214 3909 1308 3972 Dens
1343 3928 1427 3992 pace

312 4001 448 4066 reddita
477 3999 700 4064 villicationis
731 4021 812 4063 suae
841 4002 998 4081 tempora
1029 3997 1220 4080 prosperari
1249 4000 1425 4074 annueret,

312 4209 333 4254 a)
348 4204 494 4246 commouisse
507 4207 526 4243 G
581 4203 604 4256 b)
620 4206 670 4244 loca
683 4206 728 4244 lata
742 4205 767 4247 G.
1446 4219 1475 4257 40

314 4367 340 4434 1)
362 4370 419 4419 Rea
444 4382 461 4416 a
486 4365 590 4417 castello
614 4364 821 4430 Harzburpenei
847 4379 864 4414 a
888 4363 1025 4415 rebellibus
1050 4363 1203 4415 Senonibus
1228 4362 1328 4414 obsesso
1355 4363 1428 4428 sapit

314 4441 338 4492 9.
357 4438 410 4488 sice
429 4436 471 4489 10.
490 4435 515 4490 d.
534 4453 569 4490 m.
588 4437 707 4500 Aepueti
724 4451 750 4490 a.
765 4437 842 4490 1073.
908 4436 936 4502 2)
959 4435 1002 4498 Cf,
1021 4434 1120 4488 Meae.
1132 4437 1176 4500 24,
1189 4435 1213 4487 6.
