3262 5024
369 447 466 505 VITA
482 447 676 504 BfiNNONlS
694 448 741 505 H!
753 447 929 504 EPISOOPI
946 446 1273 505 OSNABRUGENSIS.
1344 453 1379 506 21

265 632 475 716 dignitatum
498 632 645 708 ordines,
670 631 767 695 laicis
791 631 895 694 etiam
911 631 1079 696 universis
1095 633 1225 715 pariter
1240 632 1380 696 omnino

265 720 569 796 consentientibus,
594 721 670 804 pari
684 720 812 783 iudicio
830 720 1070 802 communique
1087 720 1260 784 sententia
1276 719 1380 785 Osna-

265 811 469 892 brugensem
493 809 714 872 affirmabant
738 808 918 872 ecclesiam
948 809 1076 873 iniuste
1102 813 1203 873 tanto
1225 814 1380 892 tempore

264 898 371 962 fuisse
406 896 601 980 spoliatam,
635 917 818 980 regemque
849 900 1064 979 praesentem
1096 901 1253 981 oportere
1283 897 1381 980 liqui·

232 1010 245 1048 s
264 987 439 1051 dissimum
463 1005 705 1067 recognoscere
728 985 908 1062 iustitiam,
933 986 1181 1068 ecclesiamque
1203 986 1300 1050 illam
1316 985 1381 1049 tali

264 1074 485 1138 mutilatione
520 1074 707 1138 deformem
744 1074 918 1137 communi
953 1075 1202 1139 consuetudine
1238 1078 1273 1139 et
1305 1075 1381 1138 iure

265 1162 486 1228 ecclesiarum
516 1183 586 1225 non
615 1163 669 1225 uti
698 1182 771 1226 esse
794 1163 938 1246 impium
964 1166 998 1226 et
1028 1183 1234 1246 perversum,
1265 1183 1381 1246 regem

266 1272 399 1335 quoque
434 1271 515 1315 suae
549 1251 659 1333 magis
693 1250 798 1314 saluti
834 1251 968 1315 animae
1004 1254 1039 1316 et
1074 1251 1248 1315 honestati
1278 1273 1382 1335 quam

265 1361 497 1404 successorum
527 1361 667 1403 suorum
700 1339 831 1403 divitiis
862 1340 987 1404 debere
1018 1340 1206 1405 consulere.
1253 1341 1381 1404 Actum

221 1453 246 1492 10
265 1432 317 1493 est
347 1430 412 1492 hoc
442 1429 535 1512 apud
558 1429 791 1512 Radisponam
816 1429 983 1492 Bavariae
1013 1429 1133 1492 urbem
1164 1449 1254 1492 anno
1278 1429 1478 1496 domi-1077.

264 1519 361 1582 nicae
406 1518 654 1582 incarnationis
692 1516 891 1580 MLXXVl.
954 1516 1069 1600 Igitur
1113 1537 1172 1580 rex
1210 1517 1382 1580 Henricus

265 1607 527 1670 decimationem
560 1626 656 1669 suam
680 1604 938 1687 Osnabrugensi
968 1605 1132 1668 ecclesiae
1162 1625 1291 1687 suoque
1315 1606 1382 1688 epi·

265 1715 368 1779 scopo
392 1695 550 1759 Bennoni
573 1695 744 1778 praesenti
775 1694 938 1771 omnium,
971 1694 1031 1776 qui
1053 1694 1207 1771 aderant,
1239 1694 1382 1758 consilio

265 1784 394 1847 iudicio
418 1787 453 1847 et
476 1803 643 1847 consensu
665 1782 866 1866 recognovit
881 1786 917 1846 et
932 1783 1085 1846 reddidit
1101 1786 1136 1846 et
1150 1783 1186 1844 in
1204 1785 1383 1846 aeternum

214 1895 247 1945 ‚rc
266 1873 376 1936 omnis
400 1872 607 1936 conditionis
627 1873 828 1955 exceptione
844 1872 995 1954 seposita
1010 1871 1234 1935 immobiliter
1250 1892 1383 1955 semper

186 2033 193 2051 ‚
266 1965 301 2026 et
324 1962 390 2026 fixe
413 1962 586 2044 possidere
612 1961 769 2035 donavit;
801 1980 865 2023 nec
888 1962 959 2024 iam
982 1960 1101 2024 abbati
1125 1959 1304 2023 Corbiensi
1327 1960 1383 2025 vel

265 2050 527 2114 Heriordiensi²
565 2049 760 2113 abbatissae
794 2048 903 2111 ullam
938 2049 1100 2131 deinceps
1134 2049 1382 2131 querimoniam

266 2159 368 2222 super
399 2140 463 2201 hac
492 2158 529 2201 re
563 2138 639 2202 fore
673 2138 862 2214 residuam,
899 2137 959 2201 sed
993 2140 1140 2219 utraque
1175 2138 1383 2200 monasteria

265 2226 327 2290 illa
357 2247 419 2290 sua
441 2246 477 2290 se
500 2226 671 2290 facultate
694 2228 931 2290 sustentarent
954 2227 990 2288 et
1019 2225 1177 2308 praediis,
1212 2224 1383 2290 Osnabru-

220 2339 247 2377 so
266 2316 378 2398 gensis
414 2318 530 2378 autem
565 2314 709 2378 ecclesia
743 2315 1007 2378 decimationem
1043 2334 1139 2376 suam
1170 2318 1383 2378 caeterarum

266 2405 340 2467 iure
371 2406 406 2467 et
430 2403 679 2467 consuetudine
710 2402 931 2467 ecclesiarum
955 2402 1130 2466 liberrima
1154 2423 1288 2486 semper
1311 2423 1383 2487 pos·

267 2492 415 2556 sessione
446 2494 590 2556 teneret.
637 2491 737 2569 Quod
772 2496 813 2554 ut
843 2493 974 2555 firmius
1005 2495 1040 2555 et
1070 2491 1113 2554 ab
1145 2493 1239 2555 omni
1268 2495 1384 2574 posset

267 2599 400 2663 semper
433 2599 634 2662 permanere
671 2580 855 2662 impiorum
894 2579 1174 2663 praesumptione
1213 2580 1382 2656 stabilius,

265 2690 325 2733 rex
349 2669 451 2732 huius
474 2669 525 2732 rei
547 2668 670 2733 seriem
693 2660 949 2732 continentemb
970 2669 1082 2731 aureis
1105 2667 1292 2732 litteris-
1310 2668 1384 2752 ipse

221 2781 247 2820 ss
265 2763 383 2822 tamen
407 2780 510 2821 manu
534 2757 673 2840 propria
696 2758 832 2840 signum
850 2757 997 2839 infigens
1013 2791 1057 2799 -
1073 2757 1268 2820 chartulam
1284 2756 1385 2820 iussit

267 2847 435 2912 conscribi
457 2847 553 2930 regio
576 2846 775 2928 insignitam
796 2846 911 2929 sigillo
922 2846 943 2922 2,
967 2846 1005 2908 in
1024 2846 1127 2909 huius
1143 2845 1306 2910 videlicet
1328 2867 1384 2910 ne·

265 2937 353 3020 getii
389 2935 627 2999 testimonium
665 2955 787 3018 perpes
825 2938 861 2998 et
895 2935 1093 2998 memoriam
1129 2935 1382 3017 sempiternam.

267 3024 368 3101 Quod
392 3022 660 3104 chirographum
682 3023 719 3084 in
736 3020 993 3104 Osnabrugensi
1017 3022 1161 3086 ecclesia
1184 3044 1266 3086 cura
1284 3025 1384 3087 tanto

268 3110 487 3192 diligentiore
511 3114 675 3187 servatur,
700 3113 868 3193 quantum
892 3113 1013 3173 contra
1035 3131 1152 3175 omnes
1175 3112 1384 3194 irruptiones

223 3223 249 3262 ao
268 3203 303 3263 et
325 3199 557 3263 tentationes⁰
586 3199 807 3263 inconvulsus
831 3220 964 3283 semper
988 3203 1023 3264 et
1047 3200 1260 3264 firmissimae
1277 3200 1384 3262 muni-

266 3288 371 3352 tionis
396 3307 513 3350 murus
536 3288 694 3352 habetur.

377 3415 426 3474 17.
462 3410 708 3476 Verumtamen
747 3413 927 3496 episcopus
966 3415 1083 3477 noster
1121 3413 1214 3476 omni
1253 3432 1386 3496 semper
1405 3422 1462 3492 (21)

267 3501 471 3584 prudentiae
510 3501 816 3582 circumspectione
863 3503 1042 3564 contectus
1087 3523 1156 3565 uno
1196 3501 1386 3585 permoveri

268 3589 429 3672 scrupulo
452 3589 647 3663 videbatur,
679 3589 770 3671 qnod
794 3588 956 3652 videlicet
979 3590 1131 3652 nondum
1157 3592 1386 3672 congruenter

223 3701 249 3742 u
267 3698 376 3762 papae
400 3680 491 3741 esset
515 3677 723 3741 auctoritate
747 3677 932 3739 firmatum.
979 3677 1024 3739 Et
1055 3678 1209 3759 quamvis
1240 3697 1279 3742 eo
1303 3681 1385 3740 tem-

267 3788 348 3851 pore
372 3761 514 3850 graves(l
540 3767 631 3830 inter
653 3785 768 3849 regem
793 3769 829 3829 et
850 3764 1078 3850 apostolicum
1094 3766 1384 3842 Hildebrandum

267 3939 290 3986 a)
307 3938 467 3979 Hcrffordiensi
481 3941 500 3978 G
562 3940 584 3987 b)
603 3940 635 3976 sta
648 3939 731 3986 Ertm.,·
751 3939 892 3978 continenter
910 3938 1004 3977 esum
1062 3939 1083 3988 c)
1100 3939 1250 3989 irruptionum
1268 3943 1292 3979 et
1312 3942 1385 3978 tenn-

269 3991 354 4028 tionum
368 3993 451 4040 (3an
471 3993 590 4032 emendavit
603 3992 635 4040 E,·
655 3993 751 4039 sonasse
768 3996 838 4030 auum
853 3993 913 4031 lectio
929 3992 1024 4031 codicum
1037 3993 1149 4031 retinenda
1162 3997 1182 4031 et
1195 3992 1282 4031 vertum
1297 3992 1386 4040 aliquod

223 4098 250 4138 ω
267 4044 471 4134 (praesumptiopps
481 4047 588 4094 proponit
601 4045 779 4095 floran-appar)
792 4046 934 4094 supplendum
948 4049 978 4084 oct
1051 4045 1074 4098 d)
1087 4046 1162 4095 gravis
1177 4045 1294 4095 G(S?)IE,·
1309 4045 1385 4095 gravis

269 4107 326 4138 corr.
340 4107 418 4145 graves
456 4125 462 4137 .

270 4222 297 4285 1)
312 4221 393 4272 Anao
401 4223 491 4287 potius
501 4222 578 4276 1077.
598 4222 638 4272 De
649 4222 721 4284 falco
734 4222 781 4272 boc
792 4237 902 4274 aunwro
914 4223 949 4286 ef.
962 4224 1056 4274 ‘Neues
1065 4222 1176 4274 Aretiv’
1183 4222 1321 4287 XXVIII,
1335 4224 1386 4278 120

269 4291 305 4345 N.
320 4294 343 4345 1.
399 4293 426 4358 2)
448 4291 550 4343 ΟΙιανὶα
563 4291 687 4342 Heinriei
702 4295 794 4344 aureis
810 4292 905 4345 litteris
921 4296 1022 4360 scripta
1041 4299 1064 4344 et
1079 4308 1161 4344 aureo
1176 4293 1266 4358 cipillo
1281 4295 1386 4344 munita

269 4363 334 4414 datu
359 4368 396 4414 cst
420 4363 445 4416 d.
465 4365 508 4416 30.
528 4379 562 4412 m.
581 4361 681 4413 Mar-tii
704 4365 826 4422 a.1079,·
851 4363 945 4429 Jeme,
970 4365 1029 4415 ‘Dia
1047 4363 1159 4414 Kaisar·
1184 4366 1241 4416 und
1265 4365 1387 4428 Kb'niye-

271 4434 412 4487 urkrenden
430 4434 475 4486 dec
494 4431 681 4484 Osnabrdclcer
699 4433 812 4484 Lanae
831 4449 858 4486 n.
872 4437 915 4487 23.
