3262 5024
325 452 422 507 VITA
439 450 633 510 BENNONIS
651 450 692 506 ΙΙ.
711 449 883 505 EPISOOPI
901 449 1227 507 OSNABRUGENSIS.
1301 455 1335 507 29

217 638 255 700 in
278 657 318 701 eo
342 637 561 719 aliquatenus
586 634 762 698 minuatur
785 635 996 718 obsequium,
1029 637 1110 698 aur
1137 633 1335 716 legentibus

217 727 331 810 pariat
361 745 526 808 arrogans
556 724 739 806 longitudo
769 723 992 802 fastidium³;
1025 723 1224 806 praesertim
1253 723 1335 785 dum

217 818 312 878 totus
337 815 439 878 huius
463 813 674 878 sermunculi
698 815 880 877 contextus
903 812 1001 875 nulla
1024 833 1084 895 per
1107 815 1260 875 nostram
1276 811 1335 873 im-

218 904 377 987 peritiam
412 902 583 967 allevetur
616 901 734 986 lepida
768 901 1015 984 compositione
1044 901 1237 976 verborum,
1274 903 1335 962 aut

186 993 337 1075 alingua
373 1012 450 1056 eum
486 991 627 1075 politior
657 990 830 1054 coloribus
860 1010 942 1054 suae
970 989 1152 1053 facultatis
1183 991 1334 1052 exornet.

217 1081 393 1164 Rogamus
417 1083 542 1157 autem,
568 1082 618 1156 ut,
643 1080 672 1142 si
695 1079 755 1161 qui
778 1079 870 1143 forte
894 1080 980 1142 haec
1003 1078 1117 1160 legere
1135 1077 1333 1160 dignantur,

218 1173 372 1233 nostrum
398 1169 514 1252 potius
538 1168 703 1232 affectum
719 1188 823 1251 quam
839 1167 944 1232 verba
960 1167 1188 1232 considerent.
1224 1165 1335 1245 Quem

219 1258 320 1335 enim,
346 1258 374 1321 si
398 1257 552 1322 conditio
575 1257 719 1321 miserae
743 1255 966 1320 mortalitatis
991 1256 1205 1332 concederet,
1237 1275 1335 1338 cupe-

218 1366 331 1411 remus
363 1367 495 1430 semper
526 1346 653 1410 habere
684 1345 867 1422 viventem,
902 1345 944 1408 de
975 1363 1015 1408 eo
1046 1343 1170 1408 saltem
1200 1347 1335 1408 mortuo

174 1459 200 1496 10
218 1456 280 1499 nos
302 1435 463 1500 verbosos
480 1455 553 1499 esse
569 1456 639 1498 non
655 1435 701 1497 sit
716 1454 907 1510 onerosum,
933 1435 968 1497 et
991 1433 1073 1497 inde
1089 1433 1335 1497 irremediabili

218 1523 329 1588 dolori
367 1524 535 1587 solamina
573 1543 745 1605 quaerere,
785 1523 877 1586 unde
916 1543 984 1585 non
1023 1541 1149 1604 magna
1187 1521 1335 1584 sustinet

217 1613 328 1677 lector
351 1613 485 1675 ociosus
508 1612 672 1675 seriorum
697 1612 887 1695 dispendia.
930 1611 998 1674 Sed
1020 1611 1089 1674 iam
1114 1629 1335 1694 properemus

219 1701 263 1764 ad
288 1701 366 1776 alia,
392 1720 478 1782 quae
502 1703 600 1764 motu
623 1700 747 1765 bellico
771 1701 967 1784 interrupta
991 1699 1198 1762 distulimus.

326 1827 379 1886 21.
415 1823 499 1888 Erat
522 1823 630 1907 igitur
653 1825 916 1889 architectoriae
933 1824 1026 1901 artis,
1051 1826 1092 1887 ut
1116 1823 1182 1886 iam
1208 1822 1334 1906 supral
1357 1819 1414 1888 (27)

175 1935 200 1975 1⁶
219 1913 444 1989 meminimus,
469 1913 570 1977 valde
594 1913 736 1995 peritus.
783 1911 883 1990 Quod
913 1913 941 1975 si
972 1913 1047 1995 quis
1070 1913 1108 1974 in
1131 1912 1185 1974 his
1208 1912 1334 1974 nostris

218 2002 382 2066 aedificiis
412 2004 595 2084 tantopere
624 2022 694 2064 non
726 2020 889 2083 apparere
919 2001 1102 2077 notaverit,
1135 2001 1221 2063 sciat
1249 2001 1333 2064 haec

217 2111 278 2174 per
301 2091 375 2154 eius
399 2089 591 2153 absentiam
615 2089 763 2152 maxima
793 2110 834 2154 ex
864 2093 963 2172 parte
994 2088 1101 2152 fuisse
1125 2091 1333 2165 constructa,

215 2179 253 2241 in
276 2178 401 2262 quibus
424 2179 516 2241 tanti
539 2179 656 2241 extitit
680 2178 796 2255 studii,
821 2182 861 2240 ut
884 2198 928 2242 ne
952 2178 1114 2260 expulsus
1138 2177 1276 2258 quidem
1299 2181 1335 2241 et

216 2267 413 2350 longinquis
436 2268 635 2350 regionibus
664 2287 802 2330 morans
833 2287 894 2350 per
917 2267 1012 2340 alios,
1043 2266 1167 2348 quibus
1198 2267 1263 2328 hoc
1286 2265 1334 2327 in-

172 2380 197 2418 00
216 2357 386 2433 iunxerat,
411 2355 454 2420 ab
479 2356 692 2420 aedificando
717 2356 910 2420 cessaverit.
953 2355 1054 2418 Unde
1078 2355 1168 2437 regis
1190 2354 1334 2436 imperio

215 2446 253 2506 in
269 2444 465 2526 Spirensem
489 2445 610 2508 urbem
629 2444 800 2508 adductus
817 2444 994 2508 ecclesiam
1012 2443 1106 2506 illam
1125 2442 1333 2526 amplissime

217 2532 440 2596 sublimatam
464 2535 499 2595 et
522 2545 604 2615 prae
629 2533 868 2614 magnitudine
893 2533 1004 2615 operis
1028 2533 1141 2593 minus
1173 2535 1273 2594 caute
1297 2532 1333 2593 in

217 2618 330 2684 Rheni
364 2619 516 2682 fluminis
551 2619 651 2682 littus
687 2622 862 2683 extentam
899 2620 1046 2683 maximo
1076 2619 1215 2701 ingenio
1247 2618 1333 2680 diffi-

218 2710 343 2791 cilique
374 2711 499 2792 paratu
529 2709 659 2792 egregii
690 2709 801 2792 operis
831 2709 986 2772 novitate
1017 2708 1173 2791 perfecit,
1210 2710 1245 2770 et
1274 2707 1333 2769 im-

172 2821 197 2860 a
217 2819 351 2862 mensas
368 2819 526 2862 saxorum
543 2797 659 2875 moles
677 2819 720 2862 ne
736 2797 887 2861 fluminis
902 2798 1052 2860 illisione
1065 2797 1331 2872 subverteretur,

218 2887 389 2951 obstruxit
400 2888 420 2948 ².
457 2886 544 2949 Oum
567 2887 685 2969 itaque
709 2888 774 2950 hac
798 2888 976 2950 occasione
1001 2887 1136 2968 saepius
1159 2885 1243 2948 illuc
1266 2885 1333 2948 iter

217 2976 372 3050 haberet,
404 2968 671 3057 sigebergenseb
707 2975 906 3038 coenobium
920 2975 941 3052 ³,
978 2975 1069 3056 quod
1104 2994 1144 3037 00
1177 2977 1332 3056 tempore

217 3064 394 3146 religionis
430 3063 669 3126 aestimatione
705 3063 865 3126 eximium
905 3063 1092 3139 ferebatur,
1133 3063 1332 3146 hospitandi

218 3152 330 3235 gratia
354 3152 523 3216 divertere
548 3151 669 3214 solitus
694 3154 777 3216 erat.
814 3151 882 3214 Ubi
907 3152 987 3215 dum
1013 3171 1146 3234 semper
1169 3172 1246 3215 cum
1271 3172 1331 3234 pro

172 3248 198 3287 ⁸⁰
217 3241 269 3304 sui
300 3241 433 3316 merito,
458 3244 534 3303 tum
559 3241 662 3304 etiam
694 3261 755 3324 pro
786 3241 978 3304 reverentia
1009 3241 1140 3304 domini
1164 3240 1329 3315 Annonis,

216 3331 271 3393 cui
301 3351 366 3394 neo
397 3329 562 3393 defuncto
591 3330 729 3411 quidem
761 3329 873 3393 fidelis
903 3349 975 3393 esse
1007 3329 1151 3405 destitit,
1183 3329 1330 3392 maximo

216 3419 353 3483 debitae
396 3419 550 3482 caritatis
593 3419 824 3501 susciperetur
866 3419 991 3496 officio,
1030 3418 1221 3482 venerabili
1258 3418 1330 3481 viro

214 3507 309 3570 illius
339 3507 406 3570 loci
437 3507 555 3570 abbati
579 3507 811 3588 Reginhardo,
843 3506 926 3589 quid
949 3507 986 3569 in
1010 3507 1194 3590 Iburgensi
1218 3509 1330 3569 castro

214 3596 392 3678 inceperit,
427 3596 519 3658 inter
554 3595 850 3658 sermocinandum
886 3595 1049 3666 innotuit,
1080 3595 1178 3676 gravi
1213 3595 1330 3657 dolore

171 3696 196 3735 ⁸⁵
215 3688 430 3767 conquestus
449 3683 540 3765 quod
556 3684 715 3760 fratrum,
733 3703 817 3765 quos
833 3683 992 3766 primitus
1009 3683 1209 3757 adduxerat,
1228 3682 1330 3746 valde

215 3777 304 3837 esset
326 3773 558 3837 instabilitate
581 3772 779 3835 deterritus.
819 3771 973 3854 Cumque
997 3771 1102 3834 abbas
1125 3771 1185 3834 ille
1208 3770 1330 3835 intime

216 3881 293 3924 eum
316 3864 481 3938 moneret,
506 3882 550 3924 ne
573 3861 652 3925 ideo
676 3863 799 3944 coepto
823 3861 1013 3937 desisteret,
1046 3861 1104 3924 sed
1136 3881 1175 3924 eo
1204 3860 1330 3924 studio-

216 3949 286 4011 sius
308 3950 493 4026 insisteret,
518 3970 586 4033 quo
611 3948 788 4012 difficilius
812 3949 976 4013 inchoata
999 3950 1231 4024 succederent,
1262 3949 1332 4012 dia-

215 4136 238 4189 0)
252 4142 291 4176 aut
304 4160 331 4167 -
344 4137 465 4189 fastidium,
480 4142 537 4188 quod
550 4151 577 4179 aa
591 4142 663 4180 SNIE
675 4142 760 4190 damus,
775 4142 831 4179 deest
845 4141 864 4178 G
919 4138 942 4191 b)
956 4139 1124 4190 sygebergensis
1138 4140 1163 4180 G.

170 4282 242 4347 4011
264 4280 327 4346 Cap.
348 4283 372 4334 9.
456 4282 484 4346 2)
507 4281 548 4346 Of.
567 4281 659 4346 Meyer
683 4298 732 4335 voa
750 4283 869 4334 Kaonau
894 4281 909 4336 l.
929 4298 949 4336 c.
976 4281 1078 4346 I,580.
1160 4282 1186 4347 3)
1213 4281 1329 4332 Ecclesia

215 4353 373 4404 monasterii
398 4352 428 4402 in
455 4351 550 4418 oppido
577 4352 707 4418 Siepbarp
736 4354 784 4419 (ad
811 4354 904 4418 Sipom
931 4354 1043 4416 11001000
1067 4353 1128 4418 sito)
1158 4351 1191 4402 ab
1220 4353 1330 4404 Annona

215 4423 327 4486 fundati
343 4439 368 4477 a.
389 4424 466 4478 1066.
485 4423 605 4474 dedicata
624 4429 669 4487 ost,
687 4424 723 4487 cf.
742 4424 833 4488 Meyer
850 4439 900 4474 von
919 4423 1038 4474 Knoaau
1058 4423 1073 4478 1,
1092 4439 1112 4476 o.
1135 4423 1159 4489 l,
1179 4424 1240 4478 528.
