3262 5024
269 440 302 493 26
374 436 472 490 VITA
490 436 684 492 BENNONIS
703 435 743 496 H.
762 434 935 492 EPISOOPI
953 433 1276 492 OSNABRUGENSIS.

268 620 422 698 Quorum
446 619 490 682 ad
520 621 607 683 hocl
634 619 782 684 alacrem
807 620 1025 684 devotionem
1048 619 1240 694 attendens,
1269 622 1383 683 totum

268 729 303 773 se
326 708 364 770 in
387 709 479 772 hunc
503 708 804 791 vigilantissimum
828 709 981 772 laborem
998 707 1147 771 contulit
1162 708 1383 791 studiumque

269 797 418 881 collegit,
454 797 648 880 recogitans
679 800 715 861 et
745 797 864 862 dolens
895 817 931 864 se
960 797 1028 859 iam
1059 797 1202 859 nimium
1235 797 1295 860 diu
1321 817 1384 880 per

267 886 464 950 innumeras
487 907 597 969 nugas
619 886 770 950 inaniter
786 905 914 950 errasse
930 886 1131 969 dispersum.
1164 885 1276 948 Tanta
1291 886 1383 950 enim

267 975 491 1039 festinatione
514 995 600 1057 opus
624 978 784 1058 coeptum
808 975 1018 1057 aggreditur,
1042 976 1083 1036 ut
1106 975 1254 1056 quadam
1277 975 1415 1038 etiams

268 1063 483 1128 absurditate
507 1065 606 1146 argui
629 1065 812 1128 videretur.
859 1063 1017 1128 Necdum
1040 1062 1203 1127 videlicet
1225 1063 1382 1127 officinas

266 1152 322 1217 vel
343 1152 517 1216 domicilia
540 1152 613 1216 ulla
637 1155 884 1229 construxerat,
916 1153 976 1216 ubi
998 1151 1134 1227 fratres,
1159 1171 1243 1234 quos
1266 1171 1382 1216 secum

268 1242 421 1318 duxerat,
447 1244 677 1325 congruenter
699 1245 839 1325 possent
861 1241 969 1324 recipi
992 1242 1053 1303 aut
1076 1239 1150 1303 ulla
1173 1240 1382 1306 monasticae

268 1330 470 1412 disciplinae
505 1349 661 1395 exercere
694 1330 855 1412 vestigia;
898 1329 1099 1412 parvissimo
1134 1329 1251 1410 itaque
1285 1329 1382 1392 iuxta

268 1418 437 1503 capellam
471 1439 529 1482 eos
563 1419 703 1502 tugurio
735 1418 887 1495 inclusit,
924 1418 1032 1482 donec
1064 1418 1271 1482 monasterio
1307 1439 1429 1482 con-10

267 1510 399 1572 structo
423 1508 583 1572 officinae
607 1509 784 1571 monachis
807 1509 1011 1590 pararentur
1026 1507 1179 1570 idoneae.
1220 1506 1287 1570 Sed
1304 1527 1381 1570 curn

266 1597 335 1660 iarn
359 1617 456 1660 mons
478 1597 554 1673 iste,
579 1600 619 1659 ut
642 1617 746 1680 supra
768 1596 960 1673 retulimus,
992 1616 1070 1660 curn
1098 1594 1257 1658 omnibus
1280 1596 1382 1678 perti·

266 1685 395 1749 nentiis
424 1685 494 1748 suis
526 1686 569 1748 ad
599 1685 744 1748 Disnam
774 1685 972 1767 pertineret,
1009 1682 1078 1748 alio
1113 1684 1253 1767 praedio
1289 1685 1380 1761 date,

267 1774 359 1856 quod
375 1793 396 1836 a
412 1772 561 1836 (luniza1
583 1773 694 1837 nobili
716 1774 821 1836 vidua
844 1794 905 1856 per
928 1774 1117 1856 precariam
1141 1766 1380 1855 acquisieratb,

267 1863 405 1926 nomine
429 1862 623 1939 Bonwrde2,
655 1862 893 1926 concambium
923 1862 1018 1936 fecit,
1054 1863 1238 1943 monteque
1274 1862 1382 1926 diviso
1401 1889 1427 1928 15

268 1951 518 2014 occidentalem
548 1952 621 2015 eius
652 1954 785 2035 partem
816 1952 882 2015 sibi
912 1970 1212 2032 successorumque
1243 1971 1382 2014 suorum

267 2040 478 2103 habitationi
500 2060 686 2117 reservans,
712 2044 845 2124 partem
865 2039 1066 2104 orientalem
1092 2040 1286 2102 cumomni
1310 2040 1382 2103 eius

268 2129 532 2211 circumquaque
562 2130 697 2193 iacente
727 2128 872 2212 planitie
903 2129 1099 2193 monasterii
1131 2128 1207 2192 loco
1237 2128 1382 2210 usuique

267 2218 416 2281 fratrum
450 2219 486 2280 in
522 2219 633 2283 varias
669 2218 880 2300 mancipavit
914 2217 1071 2281 officinas
1107 2220 1142 2280 et
1176 2217 1382 2281 exercendos

268 2307 382 2370 cultus
421 2329 591 2391 agrorum.
652 2307 785 2370 Exinde
823 2307 932 2390 igitur
970 2305 1169 2370 monasterii
1206 2305 1383 2368 statuendi
1402 2333 1429 2371 so

266 2396 496 2459 fundamenta
518 2397 681 2472 iacturus,
708 2417 785 2459 cum
809 2395 905 2459 locus
924 2395 997 2478 ipse
1015 2398 1103 2458 esset
1119 2394 1231 2458 medio
1249 2414 1382 2476 quoque

268 2485 454 2566 asperrimo
485 2485 657 2548 eminente
689 2484 788 2548 dorso
819 2484 1012 2567 utrimque,e
1047 2486 1263 2567 praeruptus,
1295 2483 1382 2546 diffi-

268 2573 435 2638 cillimum
458 2573 648 2656 incipiendi
676 2575 787 2657 operis
818 2573 1058 2657 experiebatur
1081 2573 1267 2636 exordium.
1315 2571 1383 2635 Sed

267 2663 340 2745 ipsc
364 2663 467 2726 huius
490 2663 622 2745 negotii
645 2663 745 2728 valde
764 2664 905 2746 peritus,
931 2661 1055 2724 altiora
1072 2661 1219 2732 diruens,
1244 2659 1382 2741 profun-

268 2752 364 2814 diora
386 2755 478 2814 terra
501 2753 630 2816 iniecta
653 2753 847 2826 sustollens,
872 2749 1065 2831 planiciem,
1090 2767 1176 2827 quae
1200 2767 1262 2828 pro
1286 2766 1381 2827 capa·
1400 2775 1428 2814 25

268 2840 373 2904 citate
405 2840 471 2903 loci
500 2841 536 2902 in
567 2841 766 2905 monasterii
796 2837 1080 2914 officinarumque
1115 2833 1188 2896 eius
1223 2833 1381 2914 amplitu-

268 2929 382 2992 dinem
418 2930 576 2994 sufficere
610 2934 742 3013 posset,
777 2931 817 2989 ut
852 2944 943 2986 nunc
979 2921 1145 2995 cernitur,
1182 2920 1380 3004 explanasse

267 3018 468 3082 dinoscitur.
522 3019 676 3102 Cumque
711 3017 794 3080 totis
829 3012 958 3077 viribus
993 3009 1157 3074 ecclesiae
1192 3009 1381 3092 parietibus

267 3107 438 3191 erigendis
461 3110 608 3172 instaret
631 3127 694 3170 nec
718 3105 814 3168 aliud
837 3101 1020 3184 quicquam
1044 3098 1162 3162 taliter
1193 3101 1381 3181 occupatus

265 3197 398 3262 valeret
432 3200 606 3273 extruere,
647 3194 832 3257 monachos
867 3209 949 3273 prae
985 3189 1145 3270 angustia
1178 3187 1246 3251 loci
1280 3187 1380 3252 valde
1400 3218 1427 3258 ³0

267 3306 476 3371 compressos
499 3286 611 3348 minus
634 3279 839 3363 regulariter
855 3278 1049 3342 conversari
1064 3281 1099 3340 et
1115 3278 1228 3340 vivere
1245 3279 1381 3340 conten·

265 3377 352 3441 tiose
377 3374 559 3458 persensit;
591 3370 684 3433 unde
715 3369 763 3432 eis
794 3368 955 3432 abbatem
986 3367 1028 3430 dc
1058 3365 1264 3428 monasterio
1289 3364 1382 3429 beati

266 3460 510 3528 Pantalconis3
525 3458 621 3521 illius
637 3458 773 3522 abbatis
789 3457 996 3521 auctoritate
1013 3454 1191 3538 praefecit,
1216 3457 1381 3537 reputans

265 3553 328 3617 sub
353 3549 465 3633 capite
489 3547 697 3611 constitutos
721 3547 882 3630 deinceps
906 3544 1108 3609 concordius
1131 3543 1381 3607 essevicturos.

266 3642 334 3705 Sed
364 3659 405 3702 ex
436 3638 568 3701 duobus
599 3637 814 3714 monasteriis
845 3634 1046 3717 congregati
1077 3653 1154 3696 cum
1178 3653 1246 3695 non
1271 3632 1381 3694 solum
1401 3660 1427 3700 ³5

266 3728 471 3792 seinvicem
502 3726 622 3790 eadem
647 3726 808 3809 angustia
831 3723 908 3800 loci,
940 3721 1189 3787 verumetiam
1213 3721 1380 3783 varietate

266 3815 554 3881 consuetudinum
586 3819 620 3878 et
651 3815 704 3876 sui
734 3813 912 3895 utriusque
937 3811 1066 3875 ordinis
1090 3809 1290 3874 defensione
1314 3811 1382 3871 tur·

265 3906 397 3982 barent,
427 3905 651 3968 vehementer
675 3902 909 3977 contristatus,
940 3901 1116 3963 universos
1147 3898 1190 3961 ad
1221 3896 1297 3960 loca
1321 3917 1382 3962 sua

265 4076 287 4128 a)
301 4076 368 4117 valde
383 4079 434 4120 add.
449 4075 521 4115 SNIE
573 4075 596 4126 b)
610 4075 739 4125 acquireret
752 4077 771 4113 G
825 4078 845 4124 c)
860 4075 964 4122 utrinque
979 4073 1005 4114 G.

267 4202 293 4270 1)
315 4201 354 4266 Cf.
371 4201 493 4252 chartam
507 4199 648 4252 &ailberti
659 4207 683 4252 ct
696 4201 821 4263 Cunizoe,
840 4197 1035 4251 ‘Ornatrdclcer
1053 4195 1274 4249 Urbundeubucb’
1288 4194 1311 4260 I,
1331 4197 1381 4249 138
1400 4211 1427 4248 ao

265 4290 291 4327 n.
307 4274 365 4327 157.
438 4274 465 4338 2)
485 4272 594 4324 Bobmte
612 4273 642 4322 in
657 4271 832 4337 praefectura
849 4270 982 4334 Wittloye.
1052 4268 1080 4334 3)
1104 4268 1283 4329 Coloniensis;
1302 4265 1382 4316 abtas

265 4349 323 4396 erat
341 4342 505 4394 flambertus
523 4350 646 4395 mortuus
664 4359 689 4396 a.
704 4344 781 4398 1082.
818 4342 859 4392 De
884 4341 1045 4392 mandatorio
1063 4340 1097 4404 cf.
1117 4340 1245 4406 Lampert
1262 4354 1288 4391 a.
1303 4338 1380 4391 1071.

267 4417 344 4479 1074,
362 4415 401 4468 ed.
420 4413 628 4480 Ηοῑᾱεν-Ερρον
641 4430 671 4480 p.
687 4415 746 4468 132.
767 4415 826 4468 190.
