3262 5024
401 419 494 475 VITA
512 416 705 472 BltNNONIS
722 417 762 474 Π.
780 415 953 471 EPISOOPI
971 413 1295 471 osNABRUGaNSIS.
1389 417 1406 469 9
1466 421 1473 438 ·

291 604 405 668 aiebat
439 623 475 667 se
508 603 602 666 110110
637 623 698 686 pro
731 601 794 666 illo
828 601 965 664 missam
999 603 1154 676 cantare,
1191 601 1226 662 et
1257 598 1285 660 si
1314 598 1406 662 forte

291 695 500 775 quereretur,
525 695 692 774 quantum
718 691 880 774 exigeret,
906 691 991 752 duos
1016 688 1142 752 solidos
1167 690 1228 750 aut
1251 691 1321 751 tres
1345 690 1406 750 ant

291 801 330 845 eo
361 781 487 864 plures,
524 784 627 862 prout
658 780 863 844 facultatem
893 778 1048 860 rogantis
1083 777 1244 851 attendit,
1280 775 1404 858 exegit.

290 868 444 952 Cumque
475 869 641 953 plurimos
672 871 732 932 aut
761 869 837 952 ipsa
859 867 1067 931 verecundia
1096 886 1156 930 seu
1181 865 1305 928 caritas
1336 865 1406 929 sive

257 958 494 1041 aepiscopalis
524 957 726 1034 reverentia,
758 960 925 1039 quantum
955 956 1029 1038 ipse
1059 953 1175 1030 vellet,
1208 954 1289 1016 dare
1319 973 1406 1016 com-

289 1046 444 1129 pelleret,
467 1049 582 1110 totum
600 1047 662 1108 uni
681 1045 825 1130 pauperi
844 1045 949 1120 dedit,
968 1046 1009 1106 ut
1027 1043 1181 1106 vestibus
1200 1042 1405 1124 comparatis

288 1135 349 1199 ille
373 1156 434 1218 pro
458 1134 690 1198 manducante
713 1137 837 1198 oraret.
874 1132 975 1210 Quod
997 1133 1131 1195 factum
1154 1131 1227 1215 ipse
1251 1150 1405 1213 praesen·

289 1224 382 1287 tibus
411 1223 531 1287 taliter
559 1223 681 1287 itidem
711 1223 857 1286 iocando
888 1220 1127 1285 commendare
1155 1219 1298 1295 solebat,
1331 1218 1405 1284 Deo

288 1312 450 1376 videlicet
480 1313 613 1395 gratius
644 1332 725 1388 esse,
757 1331 944 1395 pauperem
967 1309 1074 1373 fuisse
1097 1311 1271 1382 vestitum,
1303 1329 1405 1389 quam

245 1419 270 1458 ιο
288 1421 323 1466 se
347 1422 408 1484 per
436 1405 551 1465 totum
576 1402 667 1464 diem
690 1421 837 1464 vacuum
860 1403 1017 1463 ventrem
1041 1401 1204 1481 portasse,
1237 1401 1341 1479 atque
1365 1418 1405 1461 eo

288 1494 389 1573 pacto
412 1493 449 1564 et
468 1490 676 1554 satisfecisse
693 1488 889 1552 domesticis
906 1489 942 1551 et
958 1486 1165 1571 pauperibus
1183 1485 1403 1564 consuluisse,

288 1580 347 1642 sed
378 1598 441 1641 nec
472 1578 593 1642 solitae
624 1578 798 1641 devotioni
826 1576 975 1639 multum
1000 1575 1208 1640 subtraxisse
1231 1575 1404 1640 mediante

288 1667 433 1730 caritate
472 1669 660 1730 curaverat.
723 1666 791 1729 Sed
828 1667 920 1729 inter
958 1666 1044 1728 haec
1081 1668 1200 1728 tamen
1236 1664 1308 1726 irae
1347 1663 1405 1726 ali·

287 1757 425 1837 quando
449 1756 561 1818 minus
577 1755 745 1842 imperare
762 1758 797 1818 et
813 1755 1027 1818 iracundiam
1044 1756 1236 1837 temperare
1255 1752 1402 1831 valebat,

243 1861 269 1901 11
286 1845 336 1908 ita
367 1848 407 1906 ut
437 1844 638 1928 plerumque
670 1845 774 1907 etiam
805 1845 878 1907 sine
907 1843 1042 1906 ratione
1077 1843 1252 1908 videretur
1286 1841 1402 1921 irasci;

286 1936 544 1997 verumtamenl
571 1933 746 2008 comode,
776 1933 910 2013 quode
941 1951 976 1994 se
1005 1931 1080 2013 ipso
1104 1932 1243 2013 quidam
1272 1930 1402 1997 aiebat:

437 2021 545 2084 Irasci
569 2021 692 2096 facilis,
717 2024 834 2084 tamen
858 2023 899 2082 ut
922 2020 1102 2103 placabilis
1126 2025 1215 2084 esset
1226 2020 1246 2081 1.

287 2109 382 2187 Quae
407 2103 496 2174 siveb
523 2109 680 2173 consulte
704 2109 774 2173 sive
793 2110 940 2192 quadam
966 2109 1225 2191 compassione
1250 2109 1403 2174 effecerit

286 2199 401 2274 animi,
431 2199 617 2281 plurimum
641 2198 707 2262 sibi
729 2199 893 2260 nimirum
917 2219 938 2261 a
961 2197 1109 2260 subditis
1132 2199 1344 2262 reverentiae
1367 2203 1403 2263 et

241 2306 267 2345 10
285 2287 418 2351 timoris
443 2288 595 2352 extorsit.

393 2416 422 2472 8.
458 2411 600 2475 Praeter
624 2431 680 2475 eos
705 2415 831 2487 autem,
856 2431 940 2492 quos
965 2431 1164 2475 enumerare
1180 2411 1323 2493 longum
1340 2414 1401 2488 est,

285 2501 323 2562 in
353 2520 393 2563 eo
424 2500 507 2562 sitos
538 2501 770 2583 experientiae
800 2520 881 2562 110110
913 2519 1120 2561 summarum
1145 2500 1265 2580 utique
1288 2521 1401 2563 rerum

287 2587 586 2651 administratione
605 2587 824 2670 dignissimos
843 2590 917 2650 erat
941 2588 973 2650 ei
997 2590 1032 2651 et
1055 2587 1221 2650 leviorum
1246 2587 1403 2650 miranda

286 2677 419 2760 peritia.
464 2676 649 2740 villicandi
673 2677 764 2740 enim
789 2675 933 2739 scientia
956 2677 1042 2740 adeo
1066 2695 1169 2758 super
1192 2696 1309 2739 omnes
1333 2676 1403 2760 pol-

241 2783 267 2823 11
286 2765 389 2840 lebat,
415 2787 502 2847 quae
526 2765 688 2830 videlicet
710 2765 747 2827 in
771 2764 936 2828 aedificiis
960 2765 1209 2840 construendis,
1239 2766 1402 2828 iumentis

286 2861 321 2918 et
344 2855 525 2936 pecoribus
549 2854 746 2930 educandis,
769 2854 870 2936 agris
900 2855 1051 2917 serendis
1076 2853 1263 2917 aliarumve
1287 2874 1401 2917 rerum

285 2943 492 3005 rusticarum
530 2946 687 3006 constare
717 2943 856 3006 videtur
885 2962 1088 3024 quacunque
1120 2943 1266 3019 cultura,
1301 2963 1403 3024 quam

286 3033 404 3092 tamen
427 3050 496 3092 non
521 3050 583 3092 usu
609 3033 745 3092 constat
769 3050 847 3093 eum
872 3030 1041 3103 didicisse,
1067 3031 1126 3094 sed
1143 3034 1226 3106 arte,
1250 3036 1292 3094 ut
1315 3052 1402 3114 pene

287 3119 372 3181 haec
408 3139 447 3181 eo
478 3138 578 3181 nemo
609 3121 745 3182 curaret
776 3118 936 3183 solertius
966 3140 1029 3183 nec
1060 3120 1114 3182 1110
1137 3120 1274 3184 felicius
1299 3121 1403 3184 abun-

242 3225 268 3264 10
287 3208 394 3270 daret.
442 3206 548 3270 Porro
578 3207 615 3269 in
645 3205 816 3271 solutione
847 3208 1056 3285 reddituum,
1089 3229 1173 3290 quos
1203 3229 1319 3272 annua
1349 3209 1403 3273 de·

285 3297 396 3379 poscit
426 3296 568 3373 exactio,
600 3296 823 3360 manifestum
855 3301 907 3360 est
934 3297 1033 3359 illum
1057 3298 1163 3361 fuisse
1188 3299 1401 3375 acerrimum,

284 3386 334 3447 ita
372 3389 413 3446 ut
451 3384 652 3466 plerumque
690 3385 889 3449 verberibus
927 3385 1069 3450 affectos
1108 3387 1264 3450 debitum
1303 3408 1402 3450 suum

283 3474 430 3537 rusticos
455 3474 647 3556 persolvere
672 3474 908 3556 compulisset;
941 3475 1032 3556 quod
1064 3476 1095 3538 ei
1119 3476 1275 3557 profecto
1298 3475 1402 3539 facile

284 3562 470 3625 indulserit
493 3565 528 3624 et
551 3583 612 3644 pro
637 3582 770 3624 summa
799 3563 1006 3625 necessitate
1029 3563 1156 3626 1111000θ
1185 3563 1401 3639 concesserit,

241 3651 479 3732 etquicunque
509 3650 612 3712 11111110
643 3652 755 3714 terrae
784 3649 939 3713 homines
968 3650 1074 3726 norit,
1100 3646 1240 3714 eorumd
1267 3651 1402 3714 durissi-

285 3761 375 3802 mam
409 3738 627 3802 infidelitatis
663 3741 698 3802 et
729 3739 901 3802 versutiae
934 3738 1070 3821 cogitur
1104 3739 1251 3803 tolerare
1288 3741 1401 3822 nequi-

283 3829 379 3890 tiam.
438 3827 475 3890 si
509 3848 577 3910 qua
611 3847 691 3891 vero
727 3828 769 3890 de
800 3827 872 3890 eius
902 3829 1054 3890 moribus
1086 3829 1277 3905 referimus,
1314 3849 1401 3910 quae

286 3917 490 3996 quibusdam
513 3917 660 3980 fortasse
677 3917 861 3980 videantur
883 3917 920 3978 in
944 3918 1208 4000 reprehensione
1233 3919 1400 4000 ponenda,

285 4003 322 4063 in
346 4005 601 4085 sugillationem
626 4006 698 4070 eius
722 4004 810 4068 nihil
835 4025 896 4068 nos
919 4027 1058 4070 narrare
1090 4006 1309 4083 confidimus3
1342 4007 1402 4069 sed

240 4191 268 4230 to
285 4193 307 4238 a)
322 4195 469 4232 veruntamen
483 4193 509 4242 G,
525 4198 544 4232 et
557 4196 589 4233 110
602 4205 685 4244 semper
742 4195 766 4244 b)
779 4196 827 4235 slve
842 4206 892 4234 cum
907 4196 1007 4235 consulte
1022 4197 1040 4233 G
1108 4199 1128 4244 o)
1143 4197 1174 4234 tra
1189 4197 1220 4243 (ι’,-
1235 4197 1315 4236 fecisse
1331 4199 1404 4237 SNIE

286 4243 310 4298 d)
326 4246 357 4284 lta
371 4245 439 4292 cN1,·
453 4256 573 4294 eorumque
587 4249 676 4297 (S?)E,·
690 4249 784 4295 fortacsc
798 4250 925 4299 quicunque
940 4253 988 4287 ante
1003 4259 1079 4288 eorum
1093 4252 1241 4299 renuardum.

286 4388 313 4456 1)
332 4387 431 4443 Horat.
450 4387 522 4454 Epp.
542 4388 565 4455 l,
584 4391 627 4452 20,
646 4391 694 4444 25:
720 4388 805 4442 Irasci
824 4390 950 4454 celerem,
976 4393 1069 4443 tamen
1094 4395 1125 4444 ut
1142 4392 1283 4460 placabilis
1307 4408 1401 4446 essem.
