3262 5024
326 446 424 502 VITA
440 445 634 502 BENNONIS
651 446 691 503 Π.
710 445 885 501 EPISGOPI
903 446 1227 508 OSNABRUGENSIS.
1300 451 1335 504 27

218 631 444 696 remittendos
474 631 622 714 putavit,
658 630 766 695 donec
802 651 904 713 opere
939 631 1094 714 perfecto
1128 631 1335 714 regulariter

219 721 412 784 conversari
441 719 607 794 valerent,
639 740 861 802 quoscunque
892 721 1089 784 adduceret.
1137 721 1261 803 Itaque
1292 721 1334 784 de

218 809 392 873 Mindensi
432 808 641 872 monasterio
680 809 799 891 paucis
836 809 1014 885 fratribus,
1053 829 1138 891 quos
1176 809 1337 874 similiter

217 898 438 974 asservasse,
456 897 670 961 solummodo
685 897 832 962 retentis
847 897 962 961 locum
978 897 1143 982 permisit,
1161 901 1202 961 ut
1218 898 1334 962 divino

185 987 313 1070 coperi
343 987 483 1050 interim
513 985 673 1069 privatim
697 987 906 1063 insisterent,
938 1007 983 1050 ne
1007 986 1168 1050 diurnum
1192 987 1335 1050 sacratis

217 1075 303 1139 locis
327 1076 461 1140 deesset
483 1074 647 1138 officium.
692 1075 771 1158 Ipse
796 1077 912 1139 autem
936 1077 1079 1160 coeptae
1102 1075 1336 1140 aedificationi

218 1167 475 1248 perseveranter
497 1164 669 1241 insistens,
698 1164 1001 1247 vigilantissimum
1023 1164 1229 1248 prudentiae
1253 1185 1335 1228 suae

219 1253 358 1316 oculum
374 1253 500 1335 ubique
518 1252 742 1330 circumtulit,
767 1273 954 1336 supernum
969 1253 1098 1337 iugiter
1114 1247 1330 1318 elemosinisb

219 1345 255 1405 et
277 1341 434 1424 precibus
457 1341 646 1426 implorans
670 1341 847 1418 auxilium,
878 1363 940 1425 per
970 1343 1062 1425 quod
1086 1342 1152 1406 sibi
1175 1342 1256 1406 talis
1280 1343 1334 1406 de·

173 1451 199 1490 10
218 1430 314 1494 beret
347 1430 443 1494 locus
476 1431 621 1506 ostendi,
657 1430 750 1494 unde
784 1433 890 1513 queat
922 1430 1048 1494 fratres
1081 1431 1262 1506 adducere,
1297 1431 1334 1494 in
1424 1439 1426 1445 '

216 1539 360 1600 quorum
385 1519 541 1582 caritatis
564 1519 692 1582 unione
715 1539 833 1582 secure
858 1519 1029 1582 confidere
1053 1523 1168 1601 posset
1192 1539 1250 1583 eos
1264 1520 1333 1582 iam

217 1608 379 1690 deinceps
394 1629 529 1670 morum
544 1607 619 1670 iore
635 1607 771 1671 unitate
787 1608 972 1671 concordes
988 1606 1153 1689 nullaque
1173 1608 1335 1671 manendi

216 1695 448 1759 instabilitate
472 1698 658 1778 suspectos.

325 1806 377 1865 20.
414 1801 481 1866 Sed
505 1804 570 1866 hoc
593 1804 718 1866 iterum
746 1823 836 1866 nova
860 1802 1032 1866 Saxonum
1061 1803 1332 1868 tumultuatione
1353 1813 1410 1883 (25)

172 1911 198 1950 1s
218 1891 394 1968 differtur;
437 1913 516 1954 nam
558 1891 729 1973 quendam
768 1892 834 1955 sibi
869 1892 1108 1956 Her-mannum
1142 1892 1333 1975 principem
1354 1905 1430 1958 1081.

216 1979 487 2064 praeponentes1
517 2000 594 2043 cum
623 1980 758 2061 ingenti
788 1980 939 2043 exercitu
969 1982 1033 2043 has
1061 1980 1188 2044 iterum
1218 1985 1333 2065 partes

215 2070 396 2146 invadunt,
424 2068 545 2132 urbem
570 2069 681 2131 hone2
704 2068 856 2150 undique
887 2069 1041 2131 studiosa
1064 2069 1242 2132 obsidione
1265 2070 1332 2134 val·
1353 2083 1430 2135 1082.

216 2157 328 2222 lantes
338 2158 360 2216 ⁸.
421 2157 489 2220 Hic
528 2158 685 2239 equidem
726 2157 875 2220 breviter
918 2157 1138 2220 referendum
1185 2158 1332 2230 videtur,

216 2250 383 2328 quantum
407 2246 577 2329 ingeniosi
600 2247 664 2308 viri
687 2246 854 2309 facundia
876 2245 996 2308 valuit,
1044 2246 1153 2308 Erant
1182 2246 1219 2307 in
1243 2267 1333 2310 exer-

171 2355 197 2393 πο
217 2334 289 2398 citu
318 2335 379 2398 illo
403 2335 735 2398 Hildesheimensis⁰
764 2334 943 2417 episcopus
971 2334 1045 2398 Udo
1076 2337 1112 2398 et
1136 2330 1329 2398 Fllrbertus‘¹

216 2424 378 2499 marchio,
404 2423 529 2485 summi
550 2423 616 2485 viri
638 2423 767 2486 virtute
791 2425 827 2486 et
843 2423 972 2486 divitiis
989 2444 1076 2507 pene
1098 2444 1215 2488 omnes
1239 2444 1332 2508 prae·

216 2512 406 2575 eminentes
431 2516 593 2574 caeteros.
638 2510 706 2588 Qui
730 2532 806 2574 cum
830 2511 930 2573 illum
955 2512 1098 2593 antiqua
1121 2513 1274 2575 amicitia
1298 2517 1333 2576 et

215 2600 351 2682 privata
374 2598 523 2681 quadam
544 2598 793 2674 familiaritate,
818 2600 972 2680 quamvis
989 2601 1105 2662 hostes
1120 2601 1331 2674 viderentur,

214 2688 336 2752 intime
348 2690 595 2752 venerarentur
610 2689 646 2751 et
663 2687 857 2771 diligerent,
875 2687 948 2752 eius
964 2689 1094 2771 petiere
1111 2688 1330 2771 colloquium,

169 2796 195 2836 π
213 2777 288 2860 regi
322 2798 383 2841 suo
419 2797 480 2860 pro
513 2779 607 2841 certo
637 2777 846 2860 spondentes
877 2797 912 2841 se
942 2777 1042 2840 illum
1073 2778 1116 2840 ad
1146 2778 1331 2842 deditionis

214 2887 388 2932 assensum
405 2865 574 2930 facillima
589 2866 809 2950 persuasione
824 2865 982 2930 flexuros.
1011 2866 1199 2931 Gratanter
1213 2867 1331 2949 itaque

213 2955 256 3019 ab
281 2977 321 3020 eo
344 2955 485 3037 recepti,
511 2955 593 3017 dum
617 2955 782 3019 secretius
806 2976 884 3017 cum
907 2955 970 3017 illo
995 2955 1106 3018 multa
1122 2956 1330 3032 conferrent,

212 3045 354 3107 tandem
377 3064 431 3106 res
454 3043 491 3104 in
516 3043 726 3106 contrarium
751 3044 853 3118 cedit,
878 3047 933 3107 et⁰
954 3044 1013 3125 qui
1035 3064 1075 3107 eo
1091 3049 1265 3120 venerant,
1291 3048 1331 3107 ut

214 3133 258 3196 ad
287 3152 404 3214 regem
435 3124 556 3194 suumf
582 3130 682 3194 illurn
707 3134 955 3209 converterent,
986 3131 1081 3194 illius
1111 3133 1227 3216 potius
1257 3135 1330 3216 regi

168 3239 194 3278 ³0
213 3241 285 3285 sese
309 3221 516 3286 fidelitatem
540 3219 630 3284 velle
653 3221 767 3284 iurare
791 3221 864 3284 eius
888 3226 970 3284 sunt
988 3222 1143 3285 oratione
1160 3221 1329 3303 perducti.

213 3309 368 3394 Cumque
402 3310 568 3392 reliquiae
603 3314 811 3386 sanctorum,
851 3331 954 3394 super
992 3305 1076 3393 quas
1115 3313 1330 3374 sacramenta

211 3400 376 3475 facerent,
409 3421 429 3462 a
459 3399 586 3482 populo
610 3399 809 3463 viderentur
838 3399 964 3474 afferri,
994 3399 1095 3462 illum
1120 3399 1168 3462 eis
1192 3419 1329 3464 consen-

212 3490 293 3552 sisse
317 3489 505 3570 urbemque
530 3487 721 3550 Saxonibus
752 3508 830 3550 oum
861 3488 1055 3552 iuramento
1079 3489 1169 3552 velle
1192 3489 1329 3553 tradere

212 3578 429 3654 arbitrantes,
455 3595 542 3659 pene
566 3576 614 3639 eis
637 3576 706 3639 iam
729 3576 798 3638 vim
814 3575 1013 3648 inferentes,
1037 3575 1137 3638 illum
1153 3577 1329 3640 infidelem

167 3683 192 3722 ³⁶
212 3671 247 3730 et
281 3665 456 3749 periurum
492 3663 671 3728 clamitare
706 3667 903 3748 coeperunt,
940 3685 1024 3746 quos
1053 3664 1114 3727 ille
1145 3665 1329 3729 artificiose

212 3755 431 3838 compescuit,
456 3757 496 3816 ut
519 3753 659 3816 interim
683 3774 808 3836 pavore
832 3753 989 3837 deposito
1012 3753 1064 3816 rei
1087 3753 1218 3816 exitum
1235 3775 1328 3838 prae·

210 3891 278 3942 a)1'ta
293 3893 325 3942 (ἐς
338 3892 449 3932 asciverat
463 3892 536 3931 SNIE
595 3889 618 3941 b)
631 3892 664 3929 ita
678 3890 726 3940 ἒΝς
742 3891 873 3941 elemosynis
888 3891 904 3929 Ι
909 3900 914 3940 ς
928 3890 1074 3940 eleemosynis
1089 3891 1130 3928 GE
1197 3890 1217 3941 c)
1232 3891 1329 3930 Hildesi-

210 3945 427 4038 psplslgdzchptpg
494 3943 517 3993 d)
532 3945 645 3984 Ebhertus
660 3953 732 3983 omncs
799 3946 819 3991 e)
835 3949 860 3983 nt
873 3953 957 3993 omnem·
971 3945 1083 3982 murdaci
1096 3955 1134 3993 cuo
1188 3945 1254 3992 olle
1256 3956 1328 3983 111111

165 4107 192 4145 4⁰
212 4102 238 4170 1)
258 4103 431 4154 Hermannue
455 4120 505 4156 rea·
528 4112 633 4157 meatus
657 4111 695 4157 cst
712 4106 791 4156 initio
809 4121 843 4158 m.
862 4106 982 4170 Aupusti
1003 4121 1028 4159 a.
1050 4107 1127 4161 1081.
1200 4105 1226 4171 2)
1248 4103 1328 4156 Itur·

209 4189 286 4238 pense
306 4178 432 4226 castrum.
498 4175 525 4242 3)
552 4176 594 4238 Cf.
613 4177 684 4229 Ana.
704 4176 967 4229 Potherbrnnnmsec
985 4177 1034 4243 (ed.
1054 4175 1327 4240 Scheffer-Boichorst

207 4263 235 4312 p.
253 4246 307 4311 98),
333 4243 428 4310 quibus
454 4245 576 4297 docemur
601 4248 790 4312 cupuditicaem
816 4248 955 4300 Senonum
983 4254 1076 4299 contra
1102 4246 1242 4310 Westfcbs
1268 4255 1328 4300 anm

209 4316 443 4383 quadrupesimam
460 4332 486 4368 a.
498 4317 575 4370 1082.
589 4317 689 4380 factam
705 4334 757 4370 esse
772 4323 864 4384 (caput
880 4320 978 4371 ieiumi
992 4319 1038 4370 hoc
1054 4333 1126 4370 anno
1141 4323 1199 4369 erat
1215 4320 1239 4371 9.
1252 4319 1279 4377 d,
1292 4335 1326 4372 m.

210 4387 326 4454 Martie).
370 4385 443 4437 Haec
467 4388 497 4437 in
522 4403 586 4440 ann.
612 4387 804 4452 lburpencibue
828 4389 1040 4452 (venatrdcker
1067 4388 1326 4456 Gcschichtsquelbn'

163 4469 190 4507 re
210 4457 232 4521 I,
253 4460 317 4521 182)
335 4460 470 4524 eampo
488 4463 566 4524 aque
584 4473 617 4510 en
635 4459 689 4509 vita
707 4464 801 4510 nostra
820 4467 899 4511 aucta
917 4465 987 4514 eunt.
