3262 5024
276 436 373 490 VITA
391 435 584 490 BENNONIS
598 435 639 492 Π.
656 434 832 490 EPISOOPI
851 435 1176 492 OSNABRUGENSIS.
1252 440 1285 493 11

169 622 222 685 rei
244 620 469 684 maturandae
494 623 530 684 et
555 621 741 703 diligenter
765 618 984 701 exequendae
1009 621 1186 682 dominum
1202 620 1286 684 Ben-

171 731 295 773 nonem
320 729 476 792 praeesse
493 710 685 789 constituit,
711 709 820 772 sciens
837 728 871 770 se
888 708 991 769 huius
1007 710 1057 772 rei
1074 731 1141 771 non
1159 710 1285 772 habere

172 799 359 862 fideliorem
389 818 452 860 nec
484 799 528 860 ad
559 800 624 861 hoc
652 817 775 860 munus
799 796 1034 877 exequendum
1059 798 1167 878 magis
1191 798 1287 860 indu·

173 888 303 949 strium.
350 886 493 949 Poterat
524 887 614 949 enirn
639 887 711 950 eius
734 887 770 946 in
795 886 919 948 haere
944 905 1076 948 summa
1099 887 1223 968 peritia
1247 907 1287 949 ex

141 974 478 1049 sHildesheimensi,
519 976 579 1037 ubi
617 979 700 1038 tunc
736 973 951 1056 praepositus
989 975 1072 1051 fuit,
1113 977 1288 1037 structura

172 1064 313 1139 dinosci,
339 1064 437 1126 cuius
460 1063 509 1126 ibi
533 1063 730 1146 magisterio
750 1062 863 1144 apiae
880 1063 1063 1126 memoriae
1080 1062 1285 1139 Heeelone1,

172 1153 245 1217 eius
269 1152 338 1215 loci
362 1152 530 1234 episcope,
556 1156 610 1215 tot
634 1152 772 1234 egregia
796 1151 954 1212 aedificia
970 1155 1106 1214 constat
1123 1171 1195 1214 esse
1212 1171 1288 1214 con-

173 1246 315 1303 structa.
369 1240 444 1303 Hac
479 1241 596 1322 itaque
627 1241 852 1321 caeterisque,
885 1259 968 1321 quas
1003 1241 1040 1301 in
1070 1261 1110 1303 eo
1142 1240 1288 1302 diximus

173 1331 270 1404 sitas,
302 1329 430 1390 virtute
462 1330 666 1412 conspicuus
697 1328 821 1392 exteris
853 1348 987 1409 quoque
1022 1328 1222 1410 potentibus
1253 1331 1288 1391 et

128 1443 154 1481 10
175 1418 320 1481 dominis
343 1417 438 1480 lama
460 1419 626 1501 vulgante
652 1418 765 1499 coepit
789 1437 862 1480 esse
887 1417 1098 1498 expetibilis;
1124 1418 1288 1498 prudenti

173 1507 299 1589 quippe
324 1506 466 1570 consilio
491 1511 617 1570 cuncta
641 1507 819 1580 exteriora,
846 1505 969 1586 exigua
993 1505 1075 1568 licet
1099 1509 1134 1568 et
1153 1504 1287 1582 frivola,

174 1596 371 1678 dispensare
395 1594 555 1670 callebat,
579 1596 630 1656 ita
653 1597 693 1656 ut
717 1594 918 1676 plerumque
943 1595 1046 1656 etiam
1071 1593 1289 1676 pauperculis

172 1683 275 1747 rebus
307 1683 349 1746 ab
380 1683 498 1746 amicis
529 1683 715 1758 adhibitus,
752 1682 940 1745 multorum
972 1682 1109 1744 divitias
1138 1683 1289 1764 eleganti

172 1773 345 1834 industria
369 1772 480 1835 fretus
504 1774 677 1854 aequaret.

129 1943 154 1980 15
283 1919 333 1975 10.
369 1913 451 1975 Fuit
486 1915 605 1977 eodem
640 1918 794 1996 tempore
830 1915 921 1996 apud
958 1913 1136 1977 Coloniam
1171 1915 1291 1998 Agrip·
1312 1923 1368 1990 (12)

174 2003 288 2086 pinam
335 2004 437 2064 Anno
484 2003 680 2084 episcopus,
729 2003 801 2064 vir.
827 2003 1047 2066 admirandae
1096 2005 1290 2066 sanctitatis

174 2092 367 2172 nostrisque
395 2091 608 2172 temporibus
643 2091 834 2173 stupendae
864 2090 1012 2166 virtutis
1049 2091 1117 2173 qui,
1154 2092 1290 2156 divinae

175 2180 306 2262 gratiae
337 2179 478 2261 speciali
509 2200 649 2242 munere
681 2179 802 2262 plenus
832 2183 932 2242 tanto
956 2181 992 2240 in
1016 2179 1091 2242 loco
1115 2181 1290 2261 tantisque

175 2268 304 2331 divitiis
341 2271 375 2331 et
410 2268 520 2350 gloria
552 2268 666 2330 animo
697 2289 830 2348 semper
862 2266 1067 2330 caelestibus
1096 2268 1289 2345 inhaerens,

129 2387 155 2424 ro
174 2361 310 2419 terrena
357 2362 482 2419 cuncta
528 2357 715 2438 mundique
761 2357 909 2419 furentis
957 2357 1085 2419 caduca
1125 2357 1289 2440 despexit,

175 2449 325 2508 structor
355 2445 650 2520 monasteriorum,
687 2444 907 2508 ecclesiarum
939 2450 1116 2527 reparator
1147 2448 1182 2508 et
1213 2467 1291 2528 pau·

174 2554 293 2616 perum
318 2553 444 2595 servus.
481 2531 548 2594 Sed
563 2536 741 2595 tantarum
759 2553 872 2595 rerum
890 2533 979 2596 mole
1004 2535 1161 2595 tardatus
1178 2535 1290 2596 rninus

175 2621 363 2685 efficaciter
386 2621 435 2684 ire
460 2625 606 2703 poterat,
635 2642 702 2703 quo
726 2621 810 2683 totis
834 2620 962 2683 viribus
987 2623 1022 2684 et
1046 2621 1139 2682 omni
1160 2622 1290 2685 vvirtute

174 2711 349 2774 tendebat.
385 2709 628 2774 Verumtamen
646 2731 715 2773 non
733 2710 860 2772 bouum
876 2710 1070 2785 aestimans,
1089 2710 1117 2772 si
1134 2711 1291 2774 universa

129 2830 155 2867 25
175 2799 360 2874 mundalia,
392 2820 479 2881 quae
510 2800 552 2861 ad
585 2820 620 2862 se
644 2799 874 2881 pertinebant,
899 2799 1057 2861 incurata.
1080 2799 1291 2880 relinqueret

173 2908 327 2969 —quae
351 2888 433 2951 licet
457 2887 522 2949 sibi
546 2888 583 2950 in
606 2889 662 2950 ria
678 2887 744 2950 Dei
768 2887 904 2950 obstare
928 2887 1144 2956 ridebantur,
1171 2909 1290 2952 curare

174 2981 290 3038 tamen
307 2977 419 3058 gravis
444 2975 547 3057 culpa
571 2996 637 3037 non
662 2975 732 3036 fuit
748 3009 800 3048 -,
821 2975 931 3038 virum
957 2975 1023 3037 sibi
1046 2976 1089 3037 ad
1113 2977 1198 3039 haec
1222 2977 1291 3040 ido-

174 3083 278 3125 neum
299 3063 527 3143 undecunque
545 3063 723 3144 quaesivit.
760 3062 832 3126 Sibi
854 3063 979 3146 quippe
1002 3064 1158 3126 subditos
1175 3087 1290 3130 omnes

175 3150 262 3214 bene
282 3153 317 3214 et
333 3151 521 3234 prudenter
538 3158 756 3233 cognoscens,
782 3151 927 3214 aliorum
944 3153 1118 3228 fatuitate,
1145 3153 1290 3217 aliorum

130 3269 156 3308 eo
175 3260 254 3302 vero
277 3239 494 3315 infidelitate,
527 3240 673 3322 denique
700 3239 755 3303 vel
778 3240 897 3322 inepta
921 3240 1083 3323 largitate
1107 3243 1161 3304 vel
1184 3243 1291 3305 nimia

174 3329 342 3411 parcitate
359 3328 519 3404 offensus,
545 3330 647 3405 huno,
674 3330 716 3392 de
733 3350 800 3411 quo
817 3329 959 3412 agimus,
985 3334 1118 3412 patrem
1135 3335 1291 3394 nostrum

175 3417 374 3481 Bennonem
399 3418 459 3479 diu
490 3418 555 3480 sibi
586 3421 666 3481 ante
690 3418 785 3480 fama
809 3421 844 3480 et
866 3419 956 3482 facie
980 3419 1199 3502 ipsarumque
1224 3441 1292 3484 sae·

174 3507 310 3588 pissime
335 3527 447 3568 rerum
474 3507 685 3588 experientia
714 3506 932 3568 notissimum
964 3506 1006 3569 ab
1035 3508 1194 3590 episcopo
1219 3530 1289 3585 suo,

174 3594 349 3657 Hecelone
374 3593 545 3669 videlicet,
577 3594 799 3676 impetratum
823 3594 985 3675 regiaque
1009 3595 1053 3656 ad
1077 3597 1196 3658 horam
1220 3618 1291 3678 per-

129 3714 155 3752 35
174 3682 333 3746 missione
365 3682 558 3744 dimissum·
578 3682 735 3745 accersiri
766 3682 927 3745 curavit2.
982 3681 1047 3745 Cui
1080 3682 1292 3765 aliquamdiu

175 3792 289 3834 secum
320 3772 472 3847 detento,
505 3774 545 3833 ut
575 3791 690 3834 rerum
721 3773 949 3854 gerendarum
981 3772 1225 3854 hominumque
1257 3776 1291 3836 et

177 3977 203 4040 1)
224 3975 324 4039 Hcor’lo,
338 3981 508 4045 praepositus
526 3979 643 4031 ecclesiae
661 3984 815 4030 sanctorum
833 3979 952 4030 Simonis
969 3985 992 4031 ct
1005 3980 1090 4031 Iudae
1105 3981 1291 4046 Goslurr'casr's,

175 4048 352 4110 episcopatum
370 4048 618 4103 Hilteshcimcnscm
636 4052 748 4116 adeptus
765 4052 928 4104 ann01054.
948 4053 1019 4102 rexit
1037 4068 1118 4117 usqae
1136 4053 1172 4102 cd
1189 4067 1292 4103 onnam

178 4118 254 4171 1079.
284 4117 415 4179 Quomodo
433 4121 463 4168 in
481 4121 647 4184 aedificanda
666 4121 767 4173 corbeia
786 4121 935 4172 cathedrali
946 4122 1168 4174 Hildcsbrimcnsi
1186 4124 1292 4174 laborc-

130 4208 156 4245 (ο
175 4190 248 4256 verit,
277 4189 399 4252 exposuit
423 4188 542 4254 Mithoff,
571 4192 810 4244 ‘Karstdcalrmulc
834 4193 890 4243 aad
914 4193 1096 4245 Altcrthrtmcr
1121 4197 1159 4244 r'm
1181 4194 1292 4246 Hormo-

175 4259 308 4310 ccrsctcrr'
327 4258 382 4322 III,
403 4260 437 4312 98
447 4274 485 4324 8.;
511 4261 546 4322 cf.
566 4261 700 4328 Bostram,
719 4262 879 4315 ‘Gcscbr'clrtc
897 4264 941 4315 des
960 4265 1100 4316 Bisthume
1117 4264 1292 4318 Hildcshcim'

175 4329 198 4393 I,
219 4332 270 4384 113
280 4345 314 4382 ss.
320 4348 331 4392 ,·
357 4329 420 4394 orte,
441 4331 599 4382 ‘Geecbr'chtc
617 4333 664 4382 der
682 4334 873 4387 cananaeam
892 4335 1037 4385 Boakarrst
1055 4337 1085 4386 in
1103 4336 1293 4388 Dcutscblarrd'

171 4417 201 4466 p.
218 4403 276 4455 166.
348 4401 377 4467 2)
398 4401 456 4454 Hoc
474 4403 556 4452 annas
574 4403 679 4453 circiter
697 4405 881 4458 1066-1068.
901 4404 1003 4466 factum
1022 4421 1074 4458 esse
1092 4407 1203 4462 videtur.
