3262 5024
340 466 374 519 14
444 462 540 516 VITA
559 459 750 514 BENNONIS
769 459 808 516 ΙΙ.
827 458 1003 514 EPISCOPI
1020 457 1344 513 OSNABRUGENSIS.

244 651 320 706 1068.
339 645 441 708 rebus
464 643 658 726 indulgens,
684 643 913 725 dominicique
930 641 1056 704 natalis
1073 641 1291 705 devotissime
1309 641 1455 705 celebra-

338 734 433 796 tione
457 736 606 816 peracta,
632 732 884 796 consecrandus
901 729 1080 794 Coloniam
1097 730 1201 812 digno
1218 733 1270 793 cst
1287 732 1455 793 comitatu

243 829 320 882 1069.
339 823 524 905 profectae.
565 820 693 884 Verum
723 820 773 886 ibi
799 840 933 902 quoque
958 840 978 882 a
1002 820 1077 902 piae
1101 819 1284 882 memoriae
1308 819 1454 884 Annona

339 911 606 994 archiepiscopo
643 912 746 993 prout
775 908 998 971 villicationis
1029 927 1110 970 suae
1139 909 1294 990 tempore
1325 908 1454 990 optime

339 1003 520 1075 meruerat,
554 999 659 1080 digna
682 999 898 1080 susceptione
923 998 1121 1068 honoratus,
1147 1017 1237 1058 anno
1262 997 1453 1060 dominicae
1473 1020 1486 1058 s

204 1092 285 1149 Febr.
298 1096 321 1148 1.
339 1088 587 1152 incarnationis
630 1087 812 1150 millesimo
851 1084 1037 1148 LXVIIII.
1077 1084 1145 1146 lral.
1186 1085 1371 1148 Februar.1
1409 1085 1451 1148 ab

339 1178 458 1241 eodem
497 1180 605 1238 vero⁸
643 1167 927 1259 archiepiscopol
967 1172 1247 1255 Osnabrugensi⁰
1288 1173 1452 1238 ecclesiae

339 1266 432 1329 omni
457 1265 638 1328 devotione
662 1263 842 1327 ordinatur
865 1263 1059 1345 episcopua,
1085 1261 1197 1344 dignis
1222 1262 1326 1324 etiam
1353 1263 1390 1324 in
1417 1263 1452 1324 id

339 1347 651 1436 cooperatoribusd,
676 1352 858 1416 Frederico
881 1350 1043 1414 videlicet
1066 1350 1254 1414 venerabili
1278 1351 1358 1427 viro,
1383 1351 1452 1414 Mo·

338 1442 542 1506 nasteriensi
572 1442 741 1525 episcopo,
773 1442 856 1503 sede
890 1443 925 1504 et
949 1432 1125 1502 Eilbertof
1156 1459 1263 1519 aeque
1294 1441 1336 1501 ad
1368 1459 1452 1522 opus
1473 1465 1498 1502 10

339 1531 405 1595 Dei
428 1533 500 1594 viro
524 1531 679 1614 probata,
705 1529 900 1592 Mindensig
918 1529 1087 1611 episcopo,
1112 1521 1271 1591 debitaeh
1298 1529 1452 1591 benedic·

337 1621 443 1683 tionis
480 1619 760 1702 impendentibus
799 1618 951 1680 officium
991 1619 1027 1680 et
1064 1617 1229 1698 probatae
1276 1617 1452 1680 electionis

203 1713 285 1769 Febr.
295 1717 319 1769 2.
340 1729 524 1772 assensum.
561 1700 759 1770 Celebratei
783 1707 890 1788 igitur
906 1706 1034 1769 ibidem
1051 1726 1138 1787 quae
1154 1705 1306 1768 instabat
1332 1706 1451 1769 beatae

339 1796 406 1861 Dei
440 1796 616 1878 genitricis
652 1795 901 1878 purificatione,
938 1793 1085 1857 maximo
1120 1793 1246 1876 gaudio
1282 1795 1451 1876 plenaque

339 1885 475 1950 laetitia
510 1884 554 1948 ad
584 1884 755 1968 propriam
789 1885 901 1947 sedem
935 1887 987 1946 est
1017 1903 1181 1946 reversus.
1229 1881 1298 1944 Ubi
1328 1902 1452 1964 magna
1472 1905 1497 1944 rs

339 1974 480 2037 solertia
502 1974 652 2037 triennio
677 1976 758 2036 ante
777 1973 982 2036 Saxonicum
1007 1971 1137 2035 bellum
1160 1971 1228 2034 loci
1251 1964 1338 2033 sibik
1364 1991 1450 2033 com·

339 2063 433 2126 missi
457 2066 583 2126 cuncta
607 2062 749 2136 curavit,
774 2062 937 2142 verbique
962 2061 1028 2124 Dei
1052 2061 1182 2124 semina
1206 2059 1332 2143 populo
1362 2079 1450 2142 spar-

339 2172 431 2234 gens,
457 2151 608 2216 moribus
632 2151 849 2214 subditorum
874 2149 1067 2213 excolendis
1090 2149 1265 2225 insudans,
1291 2148 1452 2211 dominici

340 2241 413 2324 agri
447 2241 575 2303 zizania
610 2241 653 2304 ab
683 2239 823 2302 inimico
854 2239 1022 2302 seminata
1052 2238 1257 2319 extirpans2‚
1294 2237 1453 2299 universa

339 2351 420 2393 suae
450 2329 715 2412 dispensationis
746 2328 862 2390 officia
893 2326 1117 2390 districtionis
1148 2328 1183 2388 et
1213 2325 1452 2408 indulgentiae
1471 2349 1498 2388 eo

339 2419 574 2481 moderatione
605 2417 861 2489 administrans
898 2436 1035 2499 prorsus
1066 2435 1100 2478 se
1134 2413 1199 2476 sibi
1229 2417 1265 2478 et
1294 2414 1452 2477 omnibus

338 2507 461 2570 utilem
485 2510 520 2570 et
544 2507 700 2589 profecto
723 2526 793 2569 non
817 2506 930 2567 minus
954 2503 1190 2567 honorabilem
1216 2503 1384 2585 praebuit.

262 2639 318 2706 (14)
450 2635 498 2692 12.
538 2631 616 2694 Uno
649 2633 802 2712 tempore
834 2629 952 2704 etiam,
985 2650 1061 2692 oum
1097 2627 1373 2690 sanctimoniales
1406 2628 1452 2689 fe-

339 2721 448 2782 minas
466 2721 507 2782 de
527 2720 612 2792 loco,
638 2719 696 2798 qui
714 2711 1006 2780 Herczebr00k¹·³
1026 2715 1160 2788 dicitur,
1186 2715 1298 2775 minus
1322 2714 1452 2795 regula·

338 2809 422 2870 riter
437 2807 550 2868 vivere
564 2805 793 2886 comperisset,
812 2804 847 2864 in
863 2804 938 2883 ipsa
951 2800 1206 2882 osnabruggem
1222 2802 1270 2863 eis
1287 2805 1452 2863 monaste·
1471 2825 1498 2862 25

339 2895 428 2957 rium
458 2893 592 2967 statuit,
627 2894 792 2974 reputans
823 2891 889 2954 sibi
919 2888 1093 2972 propiores
1125 2888 1357 2952 continentius
1387 2889 1452 2951 vic·
1534 2964 1535 2968 Ἰ
1614 2893 1615 2938 ἓ

339 2986 444 3057 taras,
477 2985 512 3044 et
536 2980 767 3044 difficiliorem
790 2979 865 3043 fore
890 2979 933 3042 ad
957 2979 1042 3040 vitia
1066 2978 1282 3040 commeandi
1306 2977 1453 3056 prohibi·

339 3071 433 3133 tione
457 3069 644 3133 licentiam.
693 3068 760 3132 Sed
789 3090 867 3131 cum
890 3066 988 3130 nullo
1012 3067 1113 3130 modo
1138 3088 1157 3128 a
1181 3087 1243 3129 sua
1266 3066 1453 3130 solitudine

341 3159 415 3222 erui
442 3161 591 3242 possent,
622 3179 685 3220 nec
716 3156 789 3219 ulla
820 3156 1022 3220 blandiendi
1053 3158 1114 3218 aut
1143 3155 1297 3218 minandi
1320 3155 1453 3218 ratione

339 3247 453 3311 locum
489 3250 622 3309 mutare
658 3246 922 3327 acquiescerent,
959 3244 1138 3307 ecclesiam
1168 3244 1277 3326 ipsam
1306 3244 1376 3306 iam
1411 3243 1453 3306 ab
1475 3266 1501 3305 ao

339 3336 413 3418 ipso
448 3336 485 3396 in
520 3336 642 3398 beatae
673 3332 880 3396 Grertrudis4
914 3334 1044 3396 honore
1078 3333 1272 3396 dedicatam
1307 3335 1342 3395 et
1377 3353 1455 3395 cum

341 3423 499 3486 omnibus
546 3422 788 3486 claustralibus
836 3422 985 3485 officinis
1032 3421 1217 3504 diligenter
1263 3425 1455 3484 extructam

341 3531 437 3574 suam
467 3511 522 3576 vel
553 3532 786 3575 successorum
817 3531 956 3574 suorum
980 3511 1285 3593 competentiorem
1309 3511 1478 3572 fortasse

341 3601 552 3664 occasionem
578 3603 758 3684 expectare
782 3600 923 3674 dimisit,
955 3601 984 3662 si
1013 3599 1274 3682 quoquomodo
1300 3619 1374 3661 eam
1398 3598 1455 3661 ali-

341 3691 477 3772 quando
502 3690 596 3754 Deus
627 3711 688 3772 per
718 3688 866 3771 aliquem
898 3688 1052 3751 fidelium
1084 3708 1222 3751 suorum
1253 3687 1376 3769 plenan
1403 3687 1456 3748 sui
1475 3708 1501 3746 aa

341 3843 363 3894 a)
384 3845 440 3882 deest
461 3845 499 3892 W,·
520 3846 614 3891 fortusse
633 3845 656 3882 in
675 3845 744 3882 codice
765 3844 853 3892 antiquo
874 3845 978 3892 scriptum
999 3847 1046 3880 erat
1067 3840 1111 3880 van
1132 3842 1185 3889 (scil.
1206 3842 1340 3889 venerabili)
1359 3841 1457 3890 (IL-E.)

341 3896 553 3943 maculosaque
621 3900 641 3944 c)
655 3897 819 3946 Osnaburgensi
834 3897 862 3934 W
921 3895 944 3946 d>
959 3896 1130 3944 cooperantibus
1144 3894 1173 3931 W
1233 3894 1254 3944 e)
1268 3899 1304 3933 set
1317 3896 1350 3938 G:
1363 3897 1419 3933 deest
1433 3894 1461 3931 W

341 3950 481 4000 slidylberlo
496 3951 524 3988 W
565 3953 586 3998 g)
601 3949 719 4000 Myndensi
733 3950 758 3986 W
801 3950 825 4001 h)
839 3951 872 3988 ita
886 3950 977 3997 sN1W;
992 3948 1088 3988 devotae
1102 3948 1129 3997 G,
1144 3948 1233 3985 daale
1278 3947 1294 3996 i)
1309 3949 1421 3987 celebrato
1433 3947 1461 3984 W

342 4003 366 4054 k)
379 4005 435 4042 deest
450 4004 478 4041 W
527 4002 590 4052 l)1'ta
609 4004 637 4048 G,·
650 4004 811 4042 Herlzebroick
825 4004 907 4053 snm,
922 4007 941 4041 et
955 4003 987 4040 ιἰα
1000 4002 1075 4040 scribit
1089 4001 1118 4042 M.
1128 4002 1181 4038 nost
1236 4003 1266 4048 m)
1281 4001 1413 4050 Osnabrugo
1425 4001 1457 4047 (3,-

341 4068 410 4105 prope
424 4057 580 4106 Osnabrugum
596 4057 676 4106 SNIE,
698 4057 726 4103 cf.
744 4058 806 4100 infra
821 4059 884 4104 1217
904 4060 947 4098 not.
962 4055 1163 4103 acepsemas
1232 4057 1255 4098 n)
1269 4055 1357 4102 plenam
1371 4053 1457 4100 (11111,-
1475 4053 1502 4089 40

341 4111 407 4158 plens
421 4111 540 4149 emendavit
552 4110 579 4153 E.

343 4219 369 4282 1)
388 4215 459 4271 ΗΠ,
479 4234 534 4269 non
546 4216 677 4270 Februar.
698 4216 725 4268 in
739 4217 808 4269 festo
822 4215 960 4284 Ipopanti,
980 4219 1020 4267 ait
1038 4216 1114 4267 Wille
1131 4234 1156 4282 p,
1171 4219 1231 4272 268.
1252 4233 1284 4267 aa
1303 4233 1365 4270 aaa.
1378 4215 1457 4264 Ihar-

342 4289 471 4352 peasibus.
507 4289 581 4342 Vitae
600 4298 706 4340 nostrae
724 4290 787 4354 dies,
806 4290 902 4354 quippe
920 4291 968 4354 qai
985 4304 1009 4341 a.
1025 4287 1102 4342 1069.
1121 4288 1269 4339 dominicas
1287 4289 1379 4351 faerit,
1396 4299 1457 4351 pro

343 4357 457 4409 habilior
473 4365 516 4412 est.
579 4361 606 4426 ⁶2)
625 4361 665 4424 Cf.
680 4361 775 4413 Matre.
791 4363 832 4425 13,
847 4361 889 4413 24.
903 4362 945 4414 25.
1005 4360 1033 4426 3)
1052 4359 1222 4410 Herzebroclc
1239 4363 1268 4410 in
1283 4358 1459 4424 praefectura

350 4429 544 4482 Wiedeabrdclr.
618 4433 645 4497 4)
669 4431 709 4496 Cf.
730 4431 822 4483 ‘Neues
840 4430 949 4481 Archia'
963 4429 1107 4494 XXVIII,
1122 4433 1164 4485 92.
1476 4439 1504 4479 45
