3262 5024
301 433 338 486 24
409 429 505 484 VITA
523 425 717 483 BENNONIS
735 427 776 487 H.
794 427 967 484 EPISOOPI
986 425 1312 484 OSNABRUGENSIS.

303 633 424 696 scopus
449 612 578 688 Benno,
602 611 757 694 quamvis
780 611 919 687 invitus,
944 612 1004 674 sed
1025 629 1064 674 00
1080 614 1198 675 tamen
1214 611 1419 694 prudentiae

301 701 412 777 oculo,
436 722 539 784 quem
561 720 677 764 secum
693 719 827 783 semper
841 702 979 782 portare
996 699 1138 763 solebat.
1179 699 1310 765 Videns
1327 700 1418 764 enim

301 791 338 852 in
361 792 508 872 utraque
530 793 629 872 parte
652 789 801 872 plurima
824 788 934 871 magis
957 788 1036 851 odio
1059 808 1162 870 quam
1177 788 1311 852 ratione
1332 792 1419 852 trao-

300 878 369 942 tari
404 881 439 942 00
476 878 550 961 regi
589 897 723 960 semper
767 877 894 952 fidelis,
940 897 1116 959 nunquam
1155 880 1271 940 autem
1309 897 1418 961 papae

300 966 502 1030 inobediens
519 985 591 1030 0000
611 966 818 1039 desiderans,
843 965 903 1029 sed
927 968 972 1038 et,
996 985 1098 1047 quem
1121 967 1221 1028 tanta
1244 967 1449 1031 0001000000

306 1055 468 1119 habitura
488 1058 587 1131 esset,
611 1055 783 1138 ignorans,
809 1053 1072 1136 diligentissime
1095 1054 1276 1118 intendere
1293 1055 1415 1137 coepit,

300 1164 450 1226 quonam
479 1143 624 1206 rationis
654 1144 749 1206 exitu
779 1143 853 1206 fieri
884 1144 1009 1226 posset,
1039 1145 1080 1204 ut
1107 1142 1203 1205 salva
1226 1143 1417 1207 honestatis

301 1232 467 1315 pristinae
489 1231 694 1314 integritate
716 1234 841 1294 neutra
863 1233 898 1292 00
922 1233 1020 1313 00000
1044 1233 1160 1314 000000
1181 1231 1256 1294 0000
1273 1230 1416 1314 culpari.

301 1319 404 1384 Forte
421 1323 537 1383 autem
553 1321 590 1382 in
606 1320 760 1397 eeclesia,
785 1319 846 1382 ubi
860 1319 930 1382 ista
945 1319 1162 1401 gerebantur,
1180 1322 1255 1384 0000
1271 1319 1414 1398 0100000,

300 1408 392 1491 quod
423 1411 516 1473 retro
551 1427 739 1473 concavum
772 1407 938 1484 foramen,
977 1428 1045 1490 quo
1083 1408 1159 1491 quis
1196 1409 1326 1472 intrare
1360 1409 1416 1472 vix
1436 1436 1462 1474 ιο

299 1499 424 1580 000000,
449 1517 565 1580 00000
588 1496 845 1581 000000000000
869 1496 1058 1573 obtexerat,
1077 1529 1118 1540 -
1135 1497 1180 1560 00
1196 1497 1294 1560 cuius
1310 1497 1413 1561 etiam

299 1585 562 1649 similitudinem
592 1586 657 1649 hoc
687 1588 844 1649 nostrum
875 1585 984 1648 010000
1007 1588 1128 1668 000000
1150 1586 1223 1668 0000
1247 1586 1345 1668 quasi
1367 1586 1415 1649 in-

299 1673 453 1737 sensibili
477 1673 641 1738 materiae
666 1674 794 1756 gratias
815 1673 962 1738 0000000
977 1673 1078 1737 000000
1095 1673 1229 1737 errtrui1
1252 1709 1296 1716 —
1318 1675 1415 1738 iuxta

300 1762 393 1844 quod
416 1782 494 1825 cum
525 1761 628 1824 solito
652 1782 745 1825 more
768 1760 980 1844 psalmodiae
1003 1782 1129 1826 vacans
1152 1763 1245 1826 solus
1269 1764 1412 1841 sederet,

300 1850 441 1932 propius
478 1850 643 1914 accedens
678 1850 893 1932 aptissimum
924 1849 1072 1913 latibulo
1102 1850 1217 1914 locum
1248 1871 1320 1915 esse
1343 1872 1459 1935 per-15

299 1938 430 2021 pendit,
462 1941 497 2002 et
528 1939 556 2001 si
578 1938 671 2002 intro
698 1939 748 2003 ire
778 1938 919 2015 valeret,
950 1937 1121 2021 paulatim
1151 1940 1248 2004 00110
1274 1940 1413 2005 vidente

297 2027 457 2090 tentavit.
494 2025 540 2091 00
555 2027 673 2109 itaque
689 2027 869 2090 foraminis
885 2027 1039 2110 quemvis
1063 2027 1208 2093 difficile
1230 2029 1412 2110 ingressus,

298 2118 437 2178 antrum
466 2115 578 2198 ipsum
609 2116 755 2179 interius
785 2116 914 2200 reperit
944 2117 989 2179 ad
1012 2117 1065 2179 sui
1088 2117 1321 2200 receptionem
1346 2139 1414 2182 cor·

298 2204 434 2286 0000010
464 2204 678 2268 sufficienter
708 2207 896 2268 extentum.
950 2204 1096 2288 Magnas
1126 2205 1242 2288 itaque
1278 2207 1414 2271 divinae

298 2292 547 2376 dispensationi
562 2292 691 2374 gratias
708 2313 823 2376 agens,
839 2313 964 2376 00000,
982 2293 1041 2376 qui
1056 2294 1322 2377 praependebat,
1341 2295 1414 2359 dili·
1433 2322 1460 2360 20

297 2382 435 2461 gentius
454 2400 607 2463 oppanso
630 2381 803 2458 foramini,
825 2384 940 2446 totum
964 2382 1033 2446 diei
1056 2383 1206 2465 spatium
1229 2383 1280 2446 ibi
1294 2383 1414 2448 taliter

297 2467 468 2532 latitando
492 2469 629 2532 nemine
652 2489 790 2552 prorsus
814 2471 950 2535 0000000
974 2471 1097 2554 exegit,
1122 2475 1222 2536 tanto
1245 2473 1413 2537 intentius

297 2557 446 2620 orationi
468 2557 640 2635 insistens,
672 2561 802 2640 quanto
832 2579 868 2623 se
896 2563 931 2624 et
954 2560 1062 2642 ipsius
1085 2559 1153 2623 loci
1176 2562 1413 2645 oportunitate

297 2646 575 2729 propinquiorem
594 2645 667 2710 Deo
691 2667 763 2712 0000
788 2648 957 2732 cognovit,
984 2653 1019 2713 et
1042 2653 1188 2731 tempus,
1214 2669 1281 2730 quo
1304 2649 1413 2712 totius

298 2734 461 2797 ecclesiae
486 2737 597 2797 status
621 2736 852 2817 quatiebatur,
877 2757 978 2819 aegre
1002 2736 1184 2818 perspexit.
1231 2736 1336 2811 Hora,
1364 2736 1412 2798 00·
1431 2763 1458 2801 aa

296 2841 409 2903 quam,
434 2842 502 2904 qua
526 2823 659 2888 eunetis
683 2825 844 2888 adunatis
868 2826 990 2906 coepta
1013 2824 1102 2886 esset
1125 2842 1228 2885 causa
1257 2823 1409 2898 tractari,

297 2909 548 2993 deprehensum
578 2915 630 2975 est
654 2911 952 2996 Osnabrugensem
979 2910 1176 2993 episcopum
1198 2931 1269 2974 000
1293 2911 1411 2974 000000

297 2997 507 3062 Bennonem.
553 3001 668 3064 Missis
697 3003 815 3084 itaque
839 3020 962 3081 aroge
993 3002 1028 3063 00
1059 2998 1322 3081 circumquaque
1347 2999 1410 3062 dis-

296 3087 522 3164 currentibus,
555 3093 590 3152 et
614 3091 724 3164 domo,
756 3092 793 3152 in
816 3109 885 3171 qua
908 3087 1095 3170 hospitium
1120 3087 1281 3166 habebat,
1311 3108 1410 3170 quae-

294 3175 445 3239 rentium
474 3177 614 3240 incursu
643 3180 712 3241 iam
739 3196 825 3261 0000
850 3176 1036 3253 confracta,
1069 3197 1147 3240 cum
1170 3197 1339 3259 nusquam
1362 3198 1411 3242 re·
1430 3203 1457 3243 ao

295 3264 466 3347 periretur
488 3265 652 3341 locorum,
677 3264 737 3328 alii
759 3265 844 3345 fuga
867 3264 1032 3346 elapsum,
1057 3265 1118 3329 alii
1138 3266 1340 3330 infirmitate
1357 3267 1411 3330 00-

295 3355 441 3426 tentum,
473 3353 581 3436 aliqui
611 3354 715 3418 etiam
746 3351 888 3434 speciali
917 3354 1065 3435 quadam
1093 3354 1300 3418 infidelitate
1324 3375 1411 3418 com·

295 3461 398 3505 mune
429 3442 638 3524 colloquium
662 3441 787 3504 vitasse
819 3441 991 3506 dicebant.
1039 3443 1106 3507 Sed
1136 3443 1206 3506 iam
1230 3443 1286 3508 die
1310 3442 1411 3508 decli-

295 3531 380 3593 nata
408 3530 445 3592 in
475 3550 664 3612 vesperum,
697 3551 775 3593 cum
805 3551 930 3613 papam
960 3531 1180 3597 abdicassent
1210 3532 1351 3615 eiusque
1375 3532 1411 3594 in

293 3617 409 3681 locum
433 3618 693 3682 substituissent
716 3619 950 3684 Ravennatem
977 3621 1184 3704 episcopum,
1217 3622 1276 3703 qui
1306 3621 1410 3684 etiam
1431 3647 1456 3686 a

294 3707 408 3770 adhuc
440 3706 597 3771 Clemens
628 3707 767 3772 nomine
796 3708 971 3773 Romanae
1006 3710 1179 3793 praesidet
1214 3708 1409 3786 0001000002,

293 3795 509 3878 plurimaque
545 3794 613 3859 alia
647 3797 860 3874 statuissent,
896 3798 1021 3880 quibus
1056 3799 1235 3880 episcopus
1269 3797 1346 3875 iste,
1383 3797 1411 3861 si

293 3903 453 3966 00000000
478 3886 576 3962 00000,
602 3885 742 3949 minime
758 3886 940 3970 praeberet
955 3906 1139 3962 assensum,
1166 3906 1321 3968 egressus
1338 3907 1409 3964 000,

294 4053 316 4106 a)
329 4056 396 4095 altari
412 4057 436 4099 G.

293 4178 321 4246 1)
342 4179 383 4243 Cf.
403 4181 526 4231 obas-tom
544 4183 614 4232 anni
631 4182 701 4236 1110
718 4181 927 4247 (0000000000οι0
949 4180 1208 4247 Urmndama’l,
1229 4184 1280 4238 192
1298 4200 1325 4242 0,
1338 4184 1410 4249 225),
1429 4197 1457 4236 40

274 4251 322 4318 Ι00
347 4265 400 4315 qua
425 4250 582 4316 1000000000
606 4252 705 4304 altariis
728 4252 816 4304 sancti
840 4252 978 4304 Glammttir
1003 4251 1077 4318 quod
1101 4257 1175 4308 retro
1201 4269 1352 4306 concavum
1370 4257 1411 4306 est

292 4322 389 4372 mantio
407 4321 445 4386 fit.
519 4323 547 4391 2)
566 4323 692 4375 Mortuus
709 4328 746 4376 cat
764 4324 790 4377 d.
810 4325 836 4377 8.
854 4338 888 4377 m.
909 4323 1067 4390 Septembris
1085 4341 1110 4378 a.
1125 4328 1203 4391 1100,
1223 4326 1257 4387 cf.
1275 4325 1410 4389 Ko'baalce,

293 4390 408 4443 ‘Wr'bert
426 4408 475 4444 000
492 4393 630 4446 Rauennu'
644 4411 675 4461 0.
688 4396 723 4450 98
732 4410 753 4449 a
