3262 5024
266 443 301 498 32
375 438 473 494 VITA
490 438 684 494 BENNONIS
702 438 741 496 H.
760 438 935 494 EPISOOPI
953 439 1277 504 OSNABRUGENSIS.

267 622 408 698 absolvi,
439 622 555 686 subito
585 622 677 686 inter
699 623 917 705 operantium
942 629 1084 688 manus⁸
1111 647 1132 689 a
1154 627 1383 695 fundamento

268 709 397 776 corruit
429 729 547 774 murus
582 713 627 786 et,
664 711 719 774 vix
750 712 894 776 caeteris
927 713 1163 792 evadentibus,
1199 737 1307 781 unum
1342 739 1384 784 ex

266 800 360 864 omni
394 819 537 864 numero
572 800 608 862 in
643 799 764 864 mediis
799 801 908 864 ruinis
939 803 1118 885 oppressit.
1173 803 1273 883 Quod
1304 827 1383 871 oum
1454 806 1456 810 ’

266 889 487 953 vehementer
509 888 695 965 universos,
727 889 874 954 maxime
897 892 1015 954 tamen
1040 893 1290 977 praecipueque
1313 899 1383 958 tur-

266 978 365 1042 baret
388 979 595 1061 episcopum,
620 976 773 1060 levisque
796 978 866 1042 iam
882 979 1016 1044 iactura
1032 981 1174 1063 parietis
1190 985 1252 1046 aut
1266 984 1381 1067 potius
1401 1006 1414 1046 s

265 1067 364 1130 nulla
393 1068 430 1130 in
460 1065 716 1149 comparatione
746 1069 930 1150 putaretur
953 1070 1114 1151 oppressi,
1148 1091 1226 1135 cum
1250 1091 1383 1136 summa

264 1156 489 1220 festinatione
518 1155 584 1217 iam
615 1175 704 1218 novo
733 1155 897 1220 inchoato
927 1156 1045 1221 labore
1080 1161 1198 1240 quaeri
1231 1161 1381 1237 iubetur,

266 1245 325 1328 qui
347 1243 537 1328 putabatur
560 1243 742 1320 extinctus,
774 1245 803 1306 si
833 1244 924 1308 forte
955 1244 1077 1308 saltem
1105 1247 1198 1311 inter
1221 1249 1382 1314 disiectas

266 1333 372 1397 moles
397 1332 537 1415 reperiri
562 1334 702 1415 possent
724 1332 920 1415 fragmenta
944 1333 1184 1399 membrorum.
1221 1337 1290 1402 Sed
1312 1340 1381 1402 iam

264 1421 372 1484 tantis
393 1441 552 1484 saxorum
569 1420 752 1503 aggeribus
767 1421 824 1484 vix
840 1422 988 1484 maxima
1004 1422 1215 1489 difficultate
1230 1426 1380 1505 dimotis,
1402 1453 1427 1492 10

264 1514 405 1595 repente
435 1510 527 1574 inter
556 1510 758 1574 ferientium
783 1510 874 1575 ictus
898 1510 1047 1576 clamare
1071 1514 1185 1597 coepit
1208 1518 1253 1592 et,
1279 1519 1382 1598 prout
1475 1507 1476 1512 ¹

264 1600 388 1683 potuit,
416 1619 520 1667 manu
543 1601 706 1682 protenta
729 1599 826 1681 quasi
848 1599 1004 1664 timendo
1028 1601 1222 1685 deposcere,
1256 1607 1296 1667 ut
1319 1627 1380 1688 pro

264 1689 330 1752 Dei
360 1708 474 1752 amore
504 1687 612 1770 capiti
641 1708 703 1751 suo
734 1691 912 1752 caveretur
942 1689 985 1752 ab
1015 1690 1153 1769 ictibus,
1185 1696 1289 1776 atque
1319 1695 1378 1770 ita,

263 1777 396 1841 cunctis
419 1777 480 1860 qui
503 1777 648 1841 aderant
671 1797 741 1839 non
764 1777 878 1840 minus
901 1776 1038 1842 laetitia
1061 1801 1164 1862 quam
1184 1783 1380 1846 vehementi

262 1870 402 1949 stupore
425 1865 601 1948 perculsis,
631 1885 700 1928 non
724 1864 835 1928 solum
858 1865 955 1929 vivus
980 1870 1016 1931 et
1037 1868 1184 1944 validus,
1209 1871 1269 1932 sed
1292 1890 1379 1952 pene
1399 1893 1425 1932 15

263 1976 302 2019 eo
327 1975 408 2018 casu
431 1954 482 2016 nil
505 1954 666 2018 laesionis
691 1975 870 2038 perpessus
894 1955 1036 2019 eruitur.

186 2050 241 2120 (30)
369 2042 487 2108 Simile
516 2044 609 2126 quid,
645 2042 729 2107 licet
759 2046 885 2107 eventu
916 2044 1101 2120 contrario,
1138 2046 1174 2107 et
1202 2043 1239 2105 in
1269 2045 1378 2108 fratre

263 2133 319 2196 hic
350 2132 499 2215 quodam
528 2132 665 2207 accidit,
697 2132 756 2213 qui
785 2131 878 2193 infra
908 2132 1097 2196 matutinas
1127 2133 1164 2194 in
1186 2134 1378 2198 necessario

261 2222 419 2298 fratrum,
457 2222 539 2284 dum
569 2242 630 2303 per
659 2220 797 2284 tabulas
827 2221 981 2282 nondum
1010 2220 1047 2282 in
1077 2221 1197 2285 ordine
1228 2243 1378 2305 congrue

263 2310 445 2394 dispositas
468 2311 629 2373 incautus
652 2309 837 2384 incederet,
862 2308 978 2372 subito
1001 2308 1037 2370 in
1057 2329 1220 2392 praeceps
1237 2311 1377 2375 decidit.
1397 2329 1424 2368 a

263 2398 343 2462 Sola
371 2399 604 2462 misericordia
626 2397 693 2461 Dei
723 2399 952 2472 sustentante,
988 2398 1184 2480 asperrimis
1218 2401 1307 2462 saxis
1342 2404 1378 2464 et

262 2487 368 2571 spinis
398 2489 578 2570 susceptus
607 2489 669 2550 est.
721 2485 786 2549 Ubi
816 2507 894 2550 oum
925 2486 1057 2550 diutius
1086 2488 1224 2552 nemine
1248 2489 1377 2554 sciente

260 2578 398 2652 iaceret,
415 2596 479 2640 nec
494 2576 634 2641 interim
650 2579 769 2640 tamen
784 2596 805 2638 a
821 2569 1032 2657 psalmodiab
1061 2580 1219 2652 cessaret,
1236 2580 1377 2642 tandem

260 2665 426 2729 fratribus
458 2685 476 2729 e
500 2667 604 2730 choro
634 2664 777 2729 reversis
807 2665 975 2748 strepitu⁰
1004 2666 1153 2746 quodam
1176 2669 1211 2730 et
1234 2667 1376 2748 gemitu,

260 2775 304 2818 ne
332 2753 454 2818 saltem
484 2754 522 2816 iu
551 2755 652 2817 tanta
680 2774 717 2817 re
747 2756 953 2816 nocturnum
985 2752 1161 2816 silentium
1191 2758 1375 2837 rumperet,
1396 2772 1422 2812 a

260 2863 296 2907 se
326 2842 489 2907 cecidisse
518 2845 668 2906 testatus
698 2860 816 2904 omnes
846 2841 994 2904 maximo
1018 2841 1157 2904 horrore
1181 2843 1374 2918 commovit,

261 2932 321 2996 scd
344 2953 365 2994 a
387 2930 528 2994 famulis
552 2930 715 2995 citissime
744 2929 930 3012 requisitus
957 2932 992 2993 ct
1016 2931 1170 3012 repertus
1193 2930 1376 2993 incolumis

260 3040 338 3083 mox
353 3021 518 3084 reductus
535 3014 621 3096 estd,
640 3023 676 3084 et
691 3039 775 3101 quos
789 3021 1028 3094 commoverat,
1046 3017 1235 3082 laetissima
1249 3019 1376 3084 iterum

260 3129 377 3172 omnes
410 3109 638 3172 admiratione
670 3107 837 3191 implevit,
870 3108 921 3170 ita
950 3108 991 3169 ut
1020 3107 1063 3171 de
1094 3127 1134 3170 eo
1164 3127 1298 3191 quoque
1329 3129 1376 3172 se-

260 3199 411 3263 cundum
435 3198 598 3272 litteram,
622 3197 782 3260 videatur
805 3194 996 3277 impletum,
1021 3196 1113 3277 quod
1135 3197 1177 3259 de
1201 3197 1292 3260 iusto
1315 3218 1377 3280 per
1395 3213 1421 3253 ³0

259 3286 473 3370 psalmistam
504 3284 675 3349 canitur1:
712 3282 791 3346 Ouia
821 3281 974 3361 ceciderit,
1005 3302 1071 3345 noa
1101 3281 1271 3364 collidetur,
1299 3283 1376 3364 quic

258 3373 419 3438 Dominus
452 3372 599 3452 supponit
631 3391 763 3435 monum
796 3391 896 3433 succa
949 3370 1015 3434 Sed
1052 3372 1118 3434 hoc
1151 3371 1229 3435 ideo
1264 3372 1375 3436 simile

259 3463 427 3545 superiori
450 3465 485 3525 et
509 3461 718 3524 contrarium
736 3459 892 3534 diximus,
916 3460 998 3542 quia
1020 3459 1131 3538 illum,
1156 3481 1258 3543 super
1272 3482 1375 3544 quem

258 3555 378 3616 tautae
409 3550 516 3614 moles
547 3550 755 3626 ceciderunt,
792 3550 928 3612 constat
963 3568 1035 3613 esse
1070 3570 1141 3613 non
1175 3551 1373 3626 contritum,

259 3641 352 3704 hunc
383 3644 508 3715 autem,
539 3640 599 3722 qui
627 3639 664 3702 in
687 3638 779 3702 tanti
803 3637 998 3721 praecipitii
1025 3639 1299 3721 profunditatem
1324 3659 1374 3702 ce·
1393 3655 1419 3695 ³⁶

260 3730 354 3804 cidit,
380 3732 515 3793 constat
539 3749 608 3792 non
633 3748 705 3792 esse
729 3727 956 3791 confractum.

181 3825 237 3892 (31)
366 3818 456 3882 Item
487 3817 529 3881 de
559 3837 675 3900 puero,
707 3816 767 3899 qui
795 3816 834 3878 in
863 3818 1007 3899 puteum
1031 3816 1165 3892 cecidit,
1196 3814 1267 3878 tale
1290 3813 1374 3896 quid

259 3907 422 3972 accidisse
446 3907 604 3970 refertur.
640 3904 728 3970 Cum
745 3906 836 3970 enim
854 3905 1092 3980 immitterent,
1117 3903 1176 3985 qui
1200 3906 1373 3966 mortuum

259 3997 490 4072 extraherent,
522 3997 557 4059 et
587 3995 638 4058 nil
667 3995 781 4060 minus
811 4014 912 4076 quam
936 3993 1049 4056 vivere
1073 3995 1265 4074 putaretur,
1298 4013 1371 4056 con·

259 4171 281 4218 a)
296 4170 327 4207 ita
342 4169 408 4217 Nm,
422 4169 437 4211 i.
451 4165 589 4218 operandum
602 4179 695 4218 magnus
710 4167 743 4213 G,·
763 4167 790 4213 cf.
804 4165 866 4212 infra
880 4165 895 4206 l.
905 4166 938 4206 11.
952 4165 1011 4203 inter
1024 4164 1153 4203 ferientium
1167 4165 1231 4216 letus,
1241 4176 1264 4214 p.
1274 4165 1299 4204 35
1314 4165 1372 4206 1.15.
1392 4160 1418 4198 40

258 4224 317 4263 inter
331 4224 441 4262 orantium
455 4233 534 4261 manus
592 4222 615 4269 b)
629 4226 721 4260 vacaret
734 4231 774 4259 scu
789 4218 840 4260 add.
854 4217 911 4255 NIE
922 4218 976 4265 (non
991 4218 1016 4267 S)
1074 4219 1094 4258 cl
1108 4219 1192 4268 stepitu
1206 4219 1224 4256 G
1279 4215 1302 4266 d)
1316 4219 1372 4258 deest

259 4279 282 4316 i'n
297 4277 394 4316 omnibus
408 4277 476 4325 codd,
490 4276 587 4325 supplevi
601 4285 646 4322 eqo.

258 4422 285 4490 1)
302 4420 374 4474 aaz.
394 4420 438 4484 sc,
457 4419 500 4472 24.
