3262 5024
333 403 350 457 8
440 398 537 454 VITA
554 395 746 452 BENNONIS
764 396 803 453 H.
821 395 995 451 EPISGOPI
1014 395 1337 452 OSNABRUGENSIS.

333 583 500 645 immensa
523 580 721 663 compassio,
753 579 867 642 itaut
891 580 1035 662 captivis
1059 583 1094 643 et
1116 579 1270 656 infirmis,
1303 581 1449 644 esurien-

332 671 427 734 tibus
451 673 486 733 et
510 668 621 745 nudis,
647 668 836 751 peregrinis
860 672 895 732 et
919 669 1091 750 orphanis,
1116 668 1228 731 viduis
1252 673 1288 732 et
1308 668 1449 732 advenis

333 758 489 840 qualibet
519 761 673 839 sempera
707 778 769 840 pro
800 757 930 820 viribus
960 757 1188 820 miserationis
1218 778 1282 840 ope
1317 778 1449 821 succur-

333 839 459 911 reretl.
495 847 671 910 Maleficos
688 849 813 923 autem,
839 845 1013 910 adulteros
1030 849 1066 909 et
1084 846 1247 928 periuros,
1264 846 1449 929 sacrilegos

334 955 574 1017 sacrorumque
589 934 773 999 violatores
790 935 922 999 dierum
940 938 1168 1016 cunctosque⁰
1198 934 1448 999 ecclesiasticae
1468 961 1482 1000 s

333 1024 520 1088 sanctionis
544 1044 629 1101 reos,
654 1024 713 1106 qui
736 1023 893 1106 synodali
917 1024 1082 1087 deberent
1110 1023 1292 1086 severitate
1322 1023 1447 1106 puniri,

332 1115 433 1176 tanta
461 1113 601 1176 terroris
620 1112 824 1188 ‚invectione
856 1112 1015 1187 coercuit,
1047 1113 1087 1173 ut
1112 1111 1203 1174 nulli
1233 1132 1383 1193 unquam
1411 1112 1449 1175 in

334 1202 406 1265 eius
437 1202 632 1284 praesentia
661 1204 822 1264 accusato
852 1200 969 1283 reique
1000 1201 1155 1264 obiectae
1186 1200 1343 1264 convicto
1370 1221 1448 1283 quo·

333 1289 420 1352 libet
450 1290 487 1351 in
518 1288 659 1352 crimine
690 1288 828 1353 licuerit
857 1289 998 1372 impune
1033 1309 1200 1372 peccasse.
1247 1289 1327 1352 Non
1357 1289 1448 1352 enim

334 1397 426 1441 more
458 1378 672 1459 quorundam
703 1398 939 1460 perversorum
970 1377 1169 1441 muneribus
1201 1379 1351 1461 acceptis
1374 1399 1494 1460 pec-10

334 1466 492 1530 cantibus
516 1466 672 1543 indulsit,
697 1468 757 1530 sed
780 1487 983 1548 quocunque
1007 1466 1222 1550 purgationis
1246 1487 1370 1549 genere
1386 1487 1447 1550 pro

333 1555 434 1618 modo
471 1555 622 1618 criminis
656 1556 871 1638 poenitentia
905 1555 1038 1618 indicta
1072 1554 1293 1618 solertissime
1328 1575 1447 1619 cavere

334 1643 467 1726 solebat
497 1643 602 1706 alieni
632 1643 769 1707 sceleris
798 1664 877 1707 reus
900 1643 1063 1720 inveniri,
1095 1644 1124 1706 si
1154 1665 1221 1726 qua
1245 1648 1361 1708 autem
1384 1643 1446 1706 tali

333 1732 370 1794 in
403 1751 440 1795 re
475 1732 585 1814 accipi
619 1730 723 1795 licere
758 1732 979 1796 ecclesiarum
1018 1735 1231 1796 consuetudo
1266 1733 1445 1815 permittit,

333 1819 541 1902 pauperibus
566 1821 739 1903 eroganda
762 1821 958 1885 omnimodo
982 1821 1100 1885 oblata
1122 1843 1193 1884 non
1215 1822 1339 1884 renuit.
1379 1821 1448 1899 Qui
1468 1848 1492 1887 15

302 1961 305 1966 .
333 1927 414 1971 vero
438 1909 615 1991 suppliciis
635 1909 850 1973 mundalium
867 1909 983 1994 legum
999 1910 1290 1993 praevaricatione
1306 1909 1446 1974 fuerant

333 1996 464 2060 addicti
487 2017 547 2060 seu
570 2001 680 2061 morte
704 1999 869 2076 damnati,
894 1999 1048 2081 utrisque
1072 2020 1133 2062 suo
1150 2000 1250 2062 modo
1267 1999 1447 2062 subvenire

334 2086 520 2162 consuevit,
553 2088 618 2150 hoc
649 2087 811 2151 videlicet
842 2109 922 2172 erga
952 2089 1083 2152 iudices
1114 2091 1149 2152 et
1184 2088 1286 2150 huius
1315 2087 1447 2169 negotii

333 2175 526 2256 praefectos
550 2176 644 2238 omni
666 2177 852 2240 sedulitate
876 2177 1045 2253 laborans,
1078 2177 1225 2259 Pecunia
1252 2177 1355 2239 etiam
1380 2176 1447 2259 ple·

332 2257 497 2344 rumque(1
524 2265 709 2346 paciscens,
737 2269 907 2347 quatenus
931 2267 984 2328 his
1008 2285 1133 2348 poenas
1159 2266 1323 2328 deberent
1347 2265 1447 2328 levio·
1467 2288 1493 2326 20

332 2351 427 2414 ribus
450 2352 610 2434 mitigare
633 2355 824 2430 tormentis,
855 2375 897 2418 ne
921 2355 1060 2417 omnino
1083 2353 1255 2436 impunita
1278 2357 1445 2437 pertrans·

332 2439 406 2502 iens
445 2439 637 2502 facinorum
677 2441 837 2505 admissio
870 2443 939 2505 alia
975 2443 1206 2526 perpetranda
1235 2446 1271 2506 et
1299 2443 1445 2506 fortasse

333 2527 462 2590 maiora
499 2531 626 2593 audere
664 2531 841 2608 suaderet,
877 2530 947 2594 illis
982 2551 1075 2608 vero,
1112 2533 1261 2614 quibuse
1300 2552 1446 2615 poenam

332 2637 422 2680 mors
453 2619 528 2699 ipsa
554 2619 703 2682 debebat
731 2622 906 2683 tormenta
935 2620 1085 2700 irrogare
1116 2621 1258 2694 maiora,
1291 2624 1330 2682 ut
1354 2621 1445 2683 vitae

332 2707 514 2769 reservatis
545 2707 721 2788 poenitere
751 2706 887 2781 liceret;
924 2709 952 2768 si
982 2727 1062 2770 vero
1092 2708 1129 2769 id
1159 2709 1342 2789 impetrare
1376 2728 1445 2770 non
1464 2731 1491 2768 as

333 2796 456 2875 posset,
482 2813 543 2873 per
567 2797 674 2855 semet
697 2793 809 2875 ipsum
834 2793 1035 2876 plerumque
1059 2798 1119 2856 aut
1143 2793 1211 2857 alio
1234 2795 1336 2857 misso
1356 2815 1445 2878 pres·

333 2880 452 2962 bytero
488 2881 736 2944 confessionem
768 2901 825 2945 eos
854 2882 969 2944 facere
1005 2886 1039 2946 et
1073 2883 1110 2944 in
1144 2883 1218 2965 ipsa
1248 2886 1358 2947 morte
1387 2883 1445 2946 ali·

332 2968 470 3049 quando
494 2968 658 3033 dominici
681 2971 831 3054 corporis
855 2971 981 3035 viatico
1006 2973 1087 3035 dato
1109 2991 1218 3034 seram
1234 2971 1317 3035 licet
1333 2973 1445 3054 poeni-

331 3056 478 3119 tentiam
503 3077 603 3140 agere
627 3059 741 3141 coepit
765 3061 906 3123 hortari.
946 3060 1072 3124 Verum
1090 3062 1184 3137 haec,
1210 3081 1296 3143 quae
1312 3061 1369 3126 hic
1385 3069 1446 3143 per

333 3145 615 3227 anticipationem
648 3151 683 3210 et
706 3148 853 3211 strictim
885 3149 926 3212 de
958 3150 1108 3212 moribus
1140 3151 1212 3213 eius
1243 3150 1370 3213 referre
1397 3151 1446 3213 in·
1465 3173 1492 3212 so

333 3233 494 3315 cepimus,
526 3233 723 3317 plenissime
753 3238 868 3300 omnia
891 3241 1011 3320 postea
1034 3239 1070 3300 in
1095 3241 1295 3322 episcopatu
1319 3238 1445 3321 degens

333 3321 500 3398 exercuit,
533 3324 630 3405 quasi
657 3325 747 3388 enirn
773 3327 857 3390 haec
881 3327 1040 3409 primitus
1064 3328 1101 3388 in
1124 3321 1296 3410 palestraf
1323 3327 1445 3391 ludens

331 3408 529 3474 iuveniliter
558 3413 735 3490 addidicit,
767 3416 987 3496 postmodum
1016 3416 1053 3478 in
1082 3437 1191 3498 agone
1215 3417 1346 3500 positus
1370 3417 1445 3480 viri·

273 3496 311 3564 (9)
332 3495 413 3559 liter
437 3498 615 3563 decertans
640 3501 765 3566 fortius
796 3505 1009 3568 monstravit.
1057 3505 1176 3569 Sicutg
1205 3550 1344 3566 .....
1370 3507 1443 3581 hoc,

332 3588 424 3667 quod
447 3587 647 3670 frequenter
668 3591 831 3669 ieiunare,
862 3593 1062 3676 frequenter
1089 3595 1248 3658 carnibus
1273 3594 1445 3658 abstinere
1465 3617 1491 3656 aa

332 3675 454 3739 solitus
478 3681 561 3741 erat.
609 3679 644 3742 Si
669 3683 806 3762 quando
831 3686 956 3756 autem,
987 3686 1028 3745 ut
1052 3683 1262 3746 secularibus
1287 3701 1367 3751 mos,
1383 3687 1445 3758 est,

331 3764 373 3826 ab
399 3765 514 3847 aliquo
538 3772 726 3850 rogaretur,
758 3772 798 3832 ut
821 3791 883 3854 pro
907 3772 1010 3835 missa
1033 3772 1200 3834 ieiunium
1223 3769 1381 3846 solveret,
1410 3792 1445 3834 se

331 3872 465 3934 quoque
507 3875 578 3918 esse
623 3858 860 3939 presbyterum
900 3862 996 3941 quasi
1035 3859 1220 3922 alludendo
1260 3858 1444 3940 professus,

331 3941 453 4006 missae
476 3944 629 4025 precium
654 3946 792 4010 sibimet
816 3949 891 4011 dari
914 3949 1090 4030 praecepit
1114 3949 1149 4010 et
1171 3945 1287 4009 oblato
1305 3948 1445 4012 denario

330 4116 352 4162 a)
366 4113 436 4154 vellet
450 4116 501 4159 add.
515 4117 587 4156 SNIE
648 4116 671 4168 b)
685 4120 784 4158 succurri
798 4130 877 4168 omnes,
896 4120 924 4166 cf.
938 4119 1015 4158 ‘Neues
1029 4116 1117 4157 Archiv*
1132 4119 1247 4168 XXVIII,
1263 4121 1302 4159 116
1365 4120 1385 4170 c)
1399 4121 1445 4159 vio·
1463 4119 1490 4158 40

331 4167 390 4207 lotae
405 4171 455 4212 add.
469 4169 542 4208 SNIE
602 4169 624 4220 d)
638 4172 713 4211 oblata
728 4174 779 4211 add.
795 4173 867 4211 SNIE
931 4175 951 4220 e)
964 4173 987 4210 in
1002 4173 1052 4214 add.
1067 4183 1136 4220 supra
1149 4173 1229 4211 lincam
1245 4173 1273 4223 N,
1295 4175 1318 4211 s'n
1333 4177 1391 4212 textu
1404 4173 1443 4221 ΙΕ,

330 4221 359 4266 cf.
373 4221 450 4260 ‘Neues
463 4221 551 4262 Archiv’
565 4223 679 4274 XXVIII,
695 4227 746 4274 117,·
764 4227 858 4273 fortasse
877 4226 1032 4264 emendandum
1053 4227 1132 4274 quibus
1147 4237 1231 4276 poena,
1254 4238 1311 4265 mors
1325 4227 1383 4274 ipsa,
1406 4224 1444 4264 dc·

330 4274 398 4312 hebet
471 4273 489 4324 l)
506 4277 620 4325 palaestra
633 4278 751 4330 G(S.9)NI
816 4281 839 4327 g)
857 4279 972 4316 Iudicatur·
990 4281 1013 4316 in
1032 4280 1050 4316 G
1069 4279 1104 4317 hic
1123 4280 1207 4328 aliquid
1224 4281 1300 4327 deesse,
1319 4281 1376 4328 quod
1394 4290 1444 4328 sup·

325 4328 388 4375 plere
401 4327 519 4369 divinando
533 4341 576 4369 non
585 4341 709 4380 possumus.
728 4333 804 4381 Verba,
819 4342 874 4381 quae
883 4331 955 4370 SNIE
962 4333 1081 4381 praebent.-
1095 4333 1261 4373 Mortificaticni
1271 4334 1343 4374 curnis
1358 4331 1445 4372 deditus

329 4381 460 4428 frequenter
472 4382 573 4422 ieiunare
587 4389 623 4426 cet.
637 4388 691 4423 certe
706 4397 719 4422 a
733 4387 778 4424 vita
790 4387 885 4434 genuina
899 4386 971 4424 aliena
985 4391 1055 4430 crant,
1465 4386 1492 4425 45
